2466 3848
1049 220 1126 275 XXV

107 374 184 432 fecte
203 372 289 432 nobis
308 373 445 432 servatus
463 389 526 431 esse
546 370 763 446 aestimabitur,
786 372 840 429 aut
859 370 896 429 ab
915 370 981 448 ipso
1005 373 1125 431 auctore

108 462 200 521 aliam
230 462 268 520 ad
297 460 409 520 metam
438 463 575 519 currente
605 461 776 537 imperfecte
805 459 928 521 relictus
959 452 1010 541 (cf.
1034 461 1125 521 etiam

108 551 283 611 11111271.
304 552 367 610 437
394 549 465 607 libri
488 548 523 608 de
545 549 750 624 physonomiis
769 549 880 609 Anecd.
898 551 923 624 Ι,
944 551 1016 609 183.
1037 542 1124 629 188).

108 641 213 700 contra
236 639 437 699 antidotarius
465 657 500 696 ex
523 641 605 697 omni
626 641 712 715 perte
735 639 856 698 limatus
883 641 975 714 atque
1002 642 1125 699 curatus

108 723 242 806 apparet,
261 729 315 804 qui
329 729 420 786 etiam
434 727 569 804 priorum
582 728 793 804 opusculorum
809 721 859 807 (de
873 729 968 787 urinis
982 739 1125 788 versuum

110 819 183 892 352,
198 817 234 876 de
248 816 385 893 pulsibus
400 837 427 876 v.
440 809 518 893 380)
533 834 685 875 censorem
700 819 772 894 agat
781 818 961 893 pentametri
971 818 1125 876 licentiam

109 906 266 965 urinarum
285 905 357 965 olim
375 907 478 964 metris
496 898 602 964 inserti
621 905 820 965 condemnans
837 899 912 985 (ant.
929 909 958 981 2,
975 900 1039 987 19),
1059 925 1126 965 cum

109 995 251 1054 admittat
279 996 505 1055 consonantiam
533 989 632 1075 (velut
659 997 721 1054 ant.
740 997 774 1070 4,
794 996 857 1054 525
882 1013 946 1071 sqq.
972 997 1033 1055 541
1060 1014 1124 1071 sqq.

109 1085 173 1143 916
204 1075 285 1164 sqq.)
316 1088 347 1143 et
375 1083 513 1144 consulto
543 1084 711 1161 neglectam
741 1085 774 1142 in
806 1086 921 1161 graecis
953 1084 1125 1144 nominibus

108 1173 294 1249 syllabarum
312 1173 514 1249 quantitatem
536 1175 655 1232 excuset
674 1170 748 1247 (ant
768 1175 799 1246 4,
819 1165 974 1253 35-39).
1012 1172 1126 1232 dudum

108 1265 210 1322 autern
241 1260 392 1322 abiecerat
424 1264 528 1321 auctor
560 1262 810 1320 commentarii
841 1262 981 1338 proprii
1012 1281 1125 1322 morem

107 1351 350 1429 grammaticum,
379 1369 468 1429 quem
495 1350 676 1410 iuvenilibus
699 1350 760 1409 illis
784 1349 908 1410 dederat
929 1352 1014 1409 Adae
1038 1350 1124 1410 disci-

107 1440 200 1516 plina,
219 1441 299 1500 sicut
317 1439 401 1498 dedit
413 1438 583 1497 Alexandro
600 1440 738 1515 Nequam
755 1440 808 1499 isti
826 1441 857 1498 et
873 1439 1002 1499 Iohanni
1019 1442 1124 1516 postea

107 1528 144 1587 de
172 1528 350 1604 Gerlandia,
379 1528 570 1588 coniunctum
597 1527 740 1587 nimirum
770 1527 1026 1588 Salernitanorum
1056 1548 1124 1588 con·

107 1618 260 1677 suetudini
282 1619 313 1677 et
340 1617 556 1677 afforismorum
579 1617 774 1693 medioomm,
801 1618 885 1676 velut
907 1617 1045 1696 magistri
1067 1618 1124 1677 Ur-

107 1707 187 1766 sonis
218 1699 269 1787 (de
301 1700 454 1786 Calabria)
486 1708 538 1784 qui
568 1708 607 1766 ad
634 1701 830 1766 ‘afforismos'
854 1725 924 1767 snos
956 1701 1007 1787 (ex
1038 1707 1123 1783 phys.

105 1788 173 1873 Ar.)
198 1791 249 1854 ‘de
277 1795 392 1855 naturis
419 1791 536 1855 rerum’
560 1789 638 1877 (cod.
657 1796 758 1873 Ampl.
777 1817 826 1872 qu.
846 1798 918 1856 226,
940 1798 1013 1855 230.
1044 1795 1124 1856 Mon.

109 1886 205 1944 7971.
227 1883 322 1943 Lond.
341 1884 441 1945 Sloan.
463 1878 519 1965 75)
543 1886 664 1961 scripsit
684 1879 848 1962 ‘glosulas'
872 1878 998 1964 (eisdem
1020 1885 1124 1945 verbo·

106 1976 193 2032 tenus
232 1976 347 2049 septem
385 1971 444 2050 [vel
482 1971 563 2049 octo]
594 1967 843 2054 ‘inquirendis’¹)
877 1975 1052 2050 incipientes
1086 1974 1124 2032 ad

108 2060 290 2121 Graecorum
312 2063 490 2138 exemplum,
514 2061 621 2137 quibus
644 2081 723 2139 mag.
741 2062 863 2121 Maurus
887 2063 925 2122 ad
944 2063 992 2122 aff.
1007 2064 1123 2139 Hippo-

108 2151 198 2210 cratis
222 2149 252 2210 Ο.
268 2149 296 2209 S.
311 2150 364 2225 IV,
384 2153 448 2210 514
472 2154 503 2209 et
519 2150 690 2209 Bemardns
713 2151 907 2226 provincialis
931 2152 970 2210 ad
992 2151 1123 2212 Tabulas

109 2231 177 2314 (ab
200 2234 266 2298 ore'
289 2260 318 2316 p.
339 2233 417 2319 293)
447 2238 562 2298 Salerni
590 2238 621 2298 O.
642 2239 671 2298 S.
689 2239 726 2313 V,
747 2240 811 2299 270
839 2242 869 2298 et
895 2260 973 2318 mag.
997 2240 1122 2318 Egidius

109 2329 147 2389 ad
169 2328 273 2405 pulsus
297 2347 366 2388 suos
389 2350 418 2406 p.
435 2329 475 2386 26
501 2327 604 2388 Ghoul.

177 2417 223 2476 Ex
253 2417 350 2478 tribus
379 2418 473 2495 igitur
502 2417 652 2478 codicibus
683 2419 795 2479 saeculi
817 2411 959 2498 XlVlXV
988 2421 1019 2478 et
1048 2419 1122 2479 levis

108 2523 223 2582 operae,
242 2525 278 2564 ex
296 2505 450 2566 Murriano
469 2507 584 2566 scilicet
602 2499 670 2587 (m),
689 2508 742 2583 qui
759 2507 880 2567 inscitia
897 2507 1025 2585 legendi,
1044 2511 1123 2566 etex

107 2592 320 2654 anheimensi
339 2588 397 2677 (b),
416 2597 470 2673 qui
489 2595 649 2656 arbitraria
667 2600 836 2655 correctura
854 2599 971 2672 peccat,
990 2617 1025 2656 ex
1042 2597 1122 2674 frag·

107 2688 206 2743 mento
218 2684 345 2761 denique
356 2682 516 2745 Oxoniensi
530 2705 549 2744 a
558 2685 772 2764 Darembergio
787 2684 935 2761 descripte
945 2679 994 2766 (d)
1007 2687 1124 2744 textum

106 2771 177 2831 libri
207 2773 315 2832 inediti
346 2774 383 2833 de
414 2774 526 2834 morbis
549 2775 683 2834 editurus
707 2775 870 2849 conscripsi
898 2793 952 2850 per
983 2777 1123 2834 semestre

105 2861 263 2921 hibernum
291 2881 317 2921 a.
342 2859 494 2942 1894s95,
520 2883 600 2922 nunc
625 2865 769 2938 quoniam
789 2864 886 2922 otium
906 2866 952 2922 est
975 2865 1069 2942 relegi
1093 2866 1124 2921 et

106 2950 293 3026 praefatione
310 2952 367 3010 hac
384 2951 592 3028 iudicibusque
611 2951 722 3011 additis
740 2953 877 3027 supplevi
895 2946 937 3032 (a.
954 2946 1122 3031 1905l06).

106 3057 219 3100 norum
249 3043 350 3100 autern
378 3044 498 3117 praeter
526 3041 587 3100 tria
614 3041 669 3100 illa
698 3040 793 3100 libelli
822 3042 974 3117 exemplar
1004 3041 1122 3100 nullum

106 3129 216 3188 inveni.
262 3149 330 3189 nam
362 3130 441 3205 quod
471 3129 544 3188 olim
572 3130 694 3190 extabat
716 3131 748 3188 in
770 3130 951 3190 bibliotheca
975 3129 1122 3190 cartusiae

180 3299 207 3367 1)
227 3298 330 3352 ...‘In
344 3299 428 3352 huius
448 3315 514 3368 ergo
532 3298 600 3353 libri
618 3299 758 3368 principio
778 3315 812 3353 ea
831 3299 917 3353 etiam
936 3315 990 3367 que
1009 3299 1039 3351 in
1058 3298 1121 3352 aliis

107 3365 187 3422 libris
205 3368 250 3423 vel
272 3368 303 3422 in
326 3368 389 3423 aliis
412 3369 544 3439 operibus
567 3370 754 3438 inquiruntur.
780 3370 963 3437 inquiramus.
989 3370 1122 3424 videlicet

108 3454 163 3507 qne
181 3439 219 3494 sit
236 3439 365 3494 materia.
389 3457 443 3510 que
461 3441 593 3496 intencio.
618 3457 673 3509 que
691 3456 777 3495 eausa
793 3440 972 3494 intencionis.
994 3458 1052 3506 que
1066 3441 1125 3490 uti-

107 3509 182 3564 litas.
206 3511 251 3565 cui
264 3510 343 3580 parti
355 3510 539 3585 philosophie
557 3511 751 3585 subpenatur.
772 3512 841 3581 quis
857 3511 930 3564 orbe
944 3507 1107 3560 mactamur
1118 3506 1154 3551 ee

100 3580 166 3646 qm
183 3580 300 3637 tituhs’
313 3627 319 3638 .
330 3627 355 3641 ..
372 3586 448 3658 (eod.
464 3587 563 3662 Amet.
579 3606 630 3661 qu.
642 3593 703 3645 aas
718 3604 764 3642 m.
776 3581 890 3639 num
903 3579 987 3642 usi
