2466 3848
80 706 132 746 iseo

82 1148 134 1190 2235

149 184 192 249 92
600 179 714 234 EGIDII

150 331 293 407 officione,
317 331 390 390 duro
415 330 485 390 dum
508 331 632 406 pulsans
656 351 732 389 vena
754 331 874 408 flagello

149 421 281 481 inmutet
303 420 439 498 digitum.
476 419 593 495 plumbi
616 420 698 478 oolor
720 419 780 478 oris
804 419 962 478 adinstar

150 510 280 585 livesoit,
304 529 394 586 sapor
415 510 448 567 in
470 510 562 586 gustu
586 509 737 567 similatur
759 511 856 582 seete,

150 601 257 674 potum
278 618 347 658 rere
370 598 437 658 sitis
460 599 606 674 exposcit,
629 598 739 673 pendet
760 598 793 655 in
815 616 865 657 ore

150 689 294 748 tristitiae
317 689 445 765 signum.
482 687 549 746 faex
573 688 727 764 sanguinis
751 688 908 746 attenuate

151 777 280 837 discolor
304 779 430 853 apparet
454 777 540 852 quusi
563 775 692 852 pallide,
715 776 741 835 si
763 778 865 835 temen
887 774 979 834 instet

152 867 261 926 oretioe
283 866 335 924 lux
356 865 454 926 morbi
475 865 596 926 leuium
618 865 719 924 lature
741 865 886 940 triumphi

151 957 291 1030 naturae,
314 956 431 1033 nigrore
453 956 565 1031 potest,
590 956 662 1030 quie
685 953 824 1031 putridus
847 953 954 1011 humor

152 1043 272 1119 eicitur,
295 1044 467 1120 faecemque
490 1061 545 1102 sue
568 1043 722 1120 nigredine
746 1043 855 1121 signat.

153 1153 219 1193 oum
242 1152 301 1193 nox
323 1134 435 1193 invitet
456 1132 592 1208 requiem
615 1151 692 1208 quae
715 1133 780 1190 luce
803 1132 909 1209 fugate

153 1222 289 1282 obvolvit
310 1221 456 1281 mundum
479 1221 620 1299 ealigine,
643 1220 762 1279 fortiter
783 1222 879 1279 instet

152 1311 253 1387 passio
276 1310 404 1385 febrilis,
428 1330 495 1370 oum
518 1311 647 1369 reddunt
670 1330 739 1369 aere
763 1328 899 1387 grossum

153 1401 249 1478 frigus
274 1403 304 1459 et
327 1400 464 1475 ariditas,
488 1400 572 1458 etin
594 1400 670 1459 horn
692 1398 884 1459 conveniente

154 1490 298 1548 materiae
320 1489 457 1550 stimulos
481 1491 563 1548 acuit
584 1507 723 1564 pressura
746 1488 866 1547 laboris.

84 1595 137 1634 1140
154 1578 270 1638 tordius
294 1579 350 1637 hec
372 1579 404 1637 in
428 1579 508 1637 febre
532 1597 620 1637 suum
642 1581 751 1637 nature
773 1577 960 1652 triumphum

85 2040 137 2081 2245

156 1667 361 1745 consequitur,
384 1669 508 1745 longum
530 1667 697 1742 proseripto
720 1667 778 1724 fine
801 1665 934 1724 duellum

156 1756 294 1816 materies
318 1759 474 1831 oompeete
496 1757 583 1829 feeit,
606 1756 763 1832 factusque
785 1755 904 1814 rebellis

155 1849 282 1904 naturae
304 1845 424 1905 morbus
447 1845 493 1904 bis
517 1844 600 1904 denis
622 1845 690 1903 iure
713 1843 817 1902 diebus

156 1934 313 1994 continuet
334 1934 496 2011 pluresque
520 1933 582 1993 dies
606 1933 786 2010 quandoque
808 1932 944 2008 requirit.

226 2022 370 2082 Putridus
392 2025 424 2081 in
447 2023 530 2083 venis
553 2022 675 2101 sanguis
699 2022 871 2082 discrimine
894 2021 963 2080 duri

156 2113 237 2172 trine
259 2113 334 2172 feeit
357 2112 520 2188 synochi‚
544 2113 594 2172 sed
618 2115 719 2171 servet
740 2112 921 2170 homobonus
944 2111 1025 2168 horis

228 2271 298 2318 2223
316 2265 446 2334 pulsans:
465 2265 543 2332 puls9
558 2266 586 2331 b,
606 2264 702 2332 pulset
720 2265 745 2318 d.
779 2263 813 2330 of.
829 2265 871 2317 Io.
889 2262 987 2331 pulsus
1006 2261 1088 2315 initio
1108 2276 1172 2328 per-

156 2355 215 2403 vus,
233 2337 331 2390 turdus
350 2338 380 2390 et
397 2336 537 2403 occultus,
559 2338 658 2403 postea
676 2352 796 2405 mugnus
815 2337 844 2388 et
861 2333 961 2403 plenus
979 2332 989 2405 ll
1008 2338 1076 2386 2227
1097 2331 1173 2386 00101

157 2408 213 2462 oris
232 2409 260 2462 b:
280 2407 380 2461 coloris
399 2408 418 2461 d
436 2406 445 2478 ll
464 2412 533 2460 2229
550 2408 649 2475 potum
668 2407 698 2460 d:
717 2424 765 2476 pm
785 2407 800 2460 b
818 2405 827 2477 ll
847 2410 916 2459 2233
935 2403 1172 2473 nigreredlhu·

156 2495 218 2532 mor
236 2480 264 2534 b:
284 2496 334 2533 om.
353 2479 464 2548 1401104.
484 2479 567 2545 Dor.)
590 2478 600 2550 ll
623 2483 692 2531 2233
711 2492 842 2547 pressure
861 2477 891 2550 d:
911 2476 1049 2545 psumed
1103 2478 1173 2527 2240

156 2552 211 2604 heo
234 2551 263 2604 in
287 2550 365 2604 febre
389 2550 420 2603 d:
443 2550 474 2603 in
497 2549 574 2603 febre
599 2565 631 2603 ao
651 2551 666 2604 b
687 2551 691 2618 1
712 2551 815 2602 nature
838 2549 868 2601 d:
891 2549 1009 2601 uectura
1032 2547 1047 2600 b
1103 2551 1172 2599 2241

158 2622 252 2692 legum
266 2621 424 2689 proscripto
439 2636 504 2674 seue
518 2624 615 2691 (supro
629 2619 666 2673 el'
675 2621 740 2690 fine)
753 2618 901 2687 duellum(
921 2620 926 2630 “
940 2621 950 2688 )
963 2620 987 2685 b,
1002 2618 1174 2687 longumque

157 2692 314 2762 proscripto
332 2693 386 2746 fine
401 2694 458 2762 (oio,
477 2708 528 2746 om.
543 2691 677 2761 duellum)
692 2692 718 2745 d.
746 2693 796 2745 boe
808 2691 866 2745 iam
879 2691 936 2745 loeo
951 2693 1025 2758 (post
1038 2687 1173 2754 duellum)

157 2765 232 2819 rubr.
251 2771 402 2832 sequentem
421 2764 605 2832 adscripserit
624 2765 649 2829 b,
667 2780 750 2831 qoam
768 2768 858 2817 tameo
877 2763 950 2816 lineo
968 2762 1062 2815 statim
1077 2760 1176 2814 delevit

159 2836 259 2904 (posito
279 2837 310 2889 in
330 2852 416 2905 maro.
435 2837 513 2905 049100
531 2839 574 2902 ÷)
597 2834 607 2906 ll
630 2840 699 2887 2242
724 2833 857 2900 factaque
882 2835 911 2900 b,
937 2850 1002 2884 nem
1025 2831 1102 2884 fecte
1125 2830 1143 2883 d
1165 2828 1175 2901 Η

160 2912 229 2960 2243
249 2922 302 2975 pro
324 2907 367 2961 bis
389 2907 496 2961 duobos
517 2907 639 2961 versibus
661 2908 783 2973 2243444
808 2907 887 2973 (quos
911 2904 956 2957 440
977 2909 1041 2971 post
1063 2919 1087 2956 o.
1101 2904 1176 2956 2242

155 2976 895 3119 lllltltlllrbltlllltltlttitll
908 2971 1176 3115 41844ῗέ4ῗέ414

160 3138 225 3176 seue
240 3120 373 3175 duellum.
397 3121 495 3175 deinde
508 3120 583 3174 rubr.
597 3120 729 3187 repetitur
741 3118 783 3171 De
798 3117 920 3186 synooho
935 3118 964 3170 et
979 3117 1103 3184 synoche
1116 3113 1176 3169 infl’

232 3197 301 3245 2245
320 3193 396 3246 rubr.
416 3191 579 3245 discrimine.
597 3191 628 3244 d:
648 3189 686 3242 du
706 3188 824 3245 erimine
843 3189 866 3242 b.
900 3205 933 3242 ex
951 3190 992 3242 Io.
1008 3190 1086 3255 (uam
1100 3187 1175 3241 Piae.

159 3265 261 3331 species
278 3279 335 3317 eoo
352 3264 483 3331 explicat)
502 3261 600 3316 Febris
618 3277 735 3314 nescens
754 3276 789 3313 ex
808 3257 921 3327 putrido
945 3258 1090 3328 sunguine.
1119 3257 1176 3310 sin-

161 3335 232 3388 oche
258 3334 375 3402 putride
403 3333 513 3387 dieitur.
552 3333 631 3386 euius
657 3334 715 3386 tres
740 3333 806 3384 sunt
833 3330 948 3399 speeies.
993 3329 1176 3383 Omothonus.

161 3406 368 3473 Augmestious.
401 3405 438 3458 Et
457 3404 692 3473 epengmestious.
726 3402 900 3456 Omotbonus
921 3402 1012 3454 dietus
1032 3402 1074 3454 est
1092 3399 1176 3452 unius

160 3476 275 3530 tenoris.
308 3477 441 3544 quoniam
466 3475 579 3529 fortiter
600 3474 703 3543 incipit
727 3475 756 3527 et
779 3473 901 3542 graviter
925 3474 1004 3527 tenet
1026 3487 1115 3540 usque
1139 3470 1177 3524 ud

161 3545 239 3596 ”nem
252 3547 272 3615 ss
287 3553 359 3601 2246
379 3548 527 3601 omotonus
546 3547 576 3601 d:
596 3547 696 3600 hoten9
711 3546 726 3600 b
743 3547 747 3613 Ι
763 3544 839 3598 horis
859 3545 887 3598 b:
907 3544 992 3598 obed
