2466 3848
152 160 194 224 '12
269 188 272 195 ·
602 157 716 214 EGIDII

151 306 283 384 pallidus
307 308 439 368 humoris
463 309 553 383 oolor,
577 310 650 368 haee
673 312 745 368 sunt
766 311 875 374 nuntia
897 313 969 370 veri.

80 410 132 452 rus
151 396 177 456 si
199 397 281 455 oalor
304 397 402 456 exurit
424 396 567 456 iniectum
591 416 721 474 sperma,
743 398 886 458 voluntas

151 485 274 544 exardet
296 486 425 561 veneris,
448 487 556 545 rutilat
578 487 661 546 color
682 487 788 565 igneus
812 490 885 562 oris,

151 574 230 634 actio
253 578 393 650 prompta
416 575 512 634 virum
536 575 685 651 stimulat,
710 579 786 636 situs
805 577 924 652 inpetus
947 578 1024 636 iram

151 665 274 737 excitat,
297 665 416 722 urinam
438 663 539 741 pingit
560 665 650 726 oalor.
696 664 904 725 humiditatem

150 754 316 811 inmensam
338 754 440 831 signat
462 753 566 813 effusio
589 757 686 829 spissa
708 754 867 813 refundens

80 857 133 898 uso
151 845 346 917 exsuperante
369 840 456 900 modo
479 861 621 902 mensam.
667 843 816 920 superflua
838 845 934 902 virtus

151 931 182 988 in
206 931 300 1005 eoitu,
322 930 433 990 matrix
455 931 544 990 nimis
567 931 702 1006 humida,
726 932 856 1009 plurima
879 951 981 992 sensus

151 1019 350 1078 instrumenta
372 1021 475 1098 rigans
498 1021 658 1079 humorum
681 1022 775 1097 eopia.
822 1021 943 1100 sanguis

151 1110 321 1168 menstruus
344 1110 477 1168 inclusus
501 1109 528 1168 si
550 1128 670 1169 eausam
694 1111 826 1187 parturit
847 1112 937 1171 huius

151 1196 297 1272 desentire,
319 1199 368 1258 vel
391 1199 418 1258 si
440 1198 529 1257 nimis
552 1201 643 1277 auget
664 1199 800 1273 flumina,
824 1199 942 1277 signum

81 1301 133 1342 ires
152 1306 187 1345 ex
210 1287 339 1362 propriis
362 1288 481 1363 inquire
503 1287 586 1347 loeis.
631 1288 659 1348 si
680 1288 800 1364 torpida
821 1291 932 1348 matrix

152 1377 280 1435 vertitur
302 1376 334 1434 in
357 1376 515 1451 selirosim,
539 1395 628 1436 sensu
649 1376 799 1436 mediante
823 1376 953 1437 docetur.

152 1465 201 1522 Fit
224 1465 335 1524 sterilis
358 1465 449 1524 maris
474 1486 509 1524 ex
531 1466 606 1524 vitio
629 1485 683 1525 neo
706 1465 841 1544 germina
863 1469 975 1543 promit

151 1553 274 1627 matrix,
298 1555 323 1614 si
345 1553 455 1613 nimiae
478 1555 635 1614 brevitatis
659 1554 767 1632 <virga
789 1555 907 1629 virilis>

152 1643 291 1703 subsistit
312 1662 372 1701 non
396 1645 547 1721 attingens
570 1643 701 1721 genitale
724 1645 892 1721 sepulerum

81 1747 134 1787 ruo
152 1733 330 1821 spermatis,
348 1734 400 1790 aut
423 1734 449 1791 si
470 1735 553 1791 torta
575 1732 665 1791 nimis
687 1752 747 1790 non
770 1733 891 1792 tramite
914 1738 995 1793 resto

151 1822 308 1879 materiam
332 1821 448 1898 generis
469 1821 564 1880 inicit.
611 1821 789 1897 quandoque
812 1822 909 1881 virilis

151 1909 315 1968 humiditas
338 1911 470 1968 fructum
492 1910 625 1986 perimit,
648 1909 777 1986 fideique
800 1913 923 1970 notetur

86 2017 88 2020 ⁴
151 1998 296 2057 indicium
318 1998 411 2057 fluida
435 1999 483 2057 vel
504 1999 601 2057 multo
624 2003 772 2075 spermate
794 1999 891 2076 spissa

151 2089 248 2147 urina.
295 2089 321 2147 si
343 2107 450 2147 cauma
471 2088 530 2147 viri
552 2087 592 2147 sit
615 2107 706 2148 eausa
726 2090 846 2162 nociva,

84 2191 134 2233 rus
153 2179 179 2236 si
202 2177 316 2236 veneris
340 2180 440 2237 motus
463 2178 538 2237 levis
562 2179 608 2236 est
630 2181 660 2236 et
682 2196 800 2254 sperma
824 2178 995 2239 subintrans

152 2265 215 2325 urit
236 2267 403 2340 matrinam,
427 2267 509 2325 eolor
531 2267 590 2325 oris
614 2266 768 2342 praedicat
790 2267 869 2345 ignis

153 2353 301 2430 ardorem,
324 2356 433 2414 rutilat
454 2356 543 2414 urina
565 2355 685 2430 rubore,
709 2356 807 2415 calore

153 2444 306 2503 succendit
329 2443 440 2522 digitos
463 2445 615 2521 palpantis
639 2445 771 2520 eorporis
795 2444 891 2504 ardor.

227 2637 295 2684 rur
318 2632 434 2685 humore
458 2633 473 2686 o
497 2632 507 2703 44
534 2638 602 2686 rasa
625 2633 709 2775 prata
732 2633 747 2686 o
756 2632 826 2772 pq
808 2637 877 2685 raso
900 2626 1025 2686 mentam
1049 2633 1095 2699 (sc
1115 2647 1171 2700 pro

154 2702 233 2759 meni
258 2703 380 2756 mensam
408 2705 554 2786 corriperes)
545 2705 594 2772 >b
620 2703 623 2775 l
664 2709 732 2756 1761
787 2703 845 2756 ’iiia
869 2704 884 2757 b
911 2702 920 2775 ll
949 2708 1018 2757 1764
1043 2701 1059 2754 l
1084 2703 1170 2756 nimis

155 2777 215 2842 (.om
231 2774 264 2842 si)
255 2774 323 2846 lbi}
342 2775 548 2843 1765'1nquire.
565 2776 636 2829 sieut
649 2775 809 2829 Plateorias
823 2774 910 2857 Signa
924 2789 1022 2828 causas
1040 2776 1068 2828 et
1087 2790 1170 2828 ouras

153 2845 318 2898 retentionis
342 2848 371 2899 et
393 2845 483 2898 fluxus
506 2845 743 2899 menstruorum
734 2864 764 2898 1n
782 2845 904 2914 propriis
922 2845 1073 2914 requiratis
1092 2847 1170 2914 oapi-

154 2952 221 3005 tulis
244 2951 254 3024 ll
278 2957 347 3006 1768
366 2952 446 3021 virga
468 2952 557 3006 virilis
580 2954 680 3020 scripsi
700 2968 753 3020 pro
772 2935 854 3004 malis
876 2951 1096 3019 (materialislb
1132 2952 1169 3018 of.

155 3039 189 3077 ex
212 3025 292 3076 curta
315 3026 344 3078 et
365 3024 493 3077 tortuosa
515 3025 596 3093 virga
614 3025 688 3078 Plat,
708 3022 768 3091 (Est
787 3023 872 3077 etiam
894 3038 978 3075 eausa
1000 3022 1085 3075 huius
1102 3023 1171 3077 vicii

153 3097 264 3148 tortura
281 3095 326 3148 vie
343 3094 433 3148 virilis
451 3095 529 3163 virge
553 3095 628 3163 quod
651 3093 822 3164 intelligitur
840 3094 864 3146 si
882 3110 938 3146 non
958 3095 1034 3148 reete
1057 3093 1170 3164 mingit.

154 3166 191 3219 Et
214 3166 342 3220 aufertur
364 3167 514 3234 eoneepeio
538 3166 562 3218 si
585 3164 667 3219 vulva
690 3165 728 3219 sit
750 3165 836 3234 longa
859 3165 888 3219 et
910 3180 1015 3235 magna
1033 3167 1062 3219 et
1080 3165 1171 3220 virilis

154 3273 234 3341 virga
253 3275 333 3326 curta
347 3274 477 3341 Ioannes)
495 3273 505 3345 ll
525 3277 592 3326 1771
613 3271 722 3341 generis
742 3265 824 3341 (griis)
840 3272 855 3325 b
873 3272 876 3340 l
893 3271 1065 3355 quandoque
1080 3278 1128 3328 ato.
1143 3298 1171 3320 =

144 3354 184 3388 ex
212 3344 293 3395 mala
326 3344 477 3411 spermatis
510 3343 648 3412 qualitate
676 3344 750 3398 Plat.
782 3342 791 3414 ll
824 3347 893 3396 1775
922 3360 946 3396 s1
972 3358 1094 3397 veneris:
1127 3344 1171 3398 in·

96 3441 262 3553 ἔποψ
262 3446 280 3495 b
299 3447 320 3516 fs
339 3455 417 3505 1776
441 3451 515 3507 urit:
539 3451 598 3506 uiri
617 3438 667 3523 (di)
685 3451 711 3507 t.
748 3450 784 3519 cf.
803 3451 876 3505 Plot.
894 3449 986 3520 <quasi
1009 3453 1138 3520 exurens)
1164 3451 1169 3524 Ι

146 3515 197 3551 rea
218 3511 284 3576 (m)
305 3519 325 3570 b
