2466 3848
138 175 158 239 8
587 175 702 231 EGIDII

137 323 241 383 urinae
264 326 377 400 tenuis,
399 327 504 402 pulsus
528 325 705 386 exterminat
727 327 820 386 ictum

138 412 277 473 debilitas
300 414 369 472 dmi
391 415 493 474 crebro
516 415 670 475 venientis.
707 417 740 473 in
762 415 842 474 horis

81 521 119 559 rau
138 504 226 561 aucta
248 503 451 563 melancolicis
473 504 599 564 infestat
621 504 730 581 passio.
766 504 853 564 laeva

137 590 235 651 acrior
256 594 303 651 est
324 593 357 650 in
379 596 465 669 parte
489 593 587 669 dolor,
609 612 697 670 sapor
720 594 779 653 oris
803 595 925 669 acescit,

136 681 251 741 invitus
274 699 413 758 sompnos
437 682 540 742 oculus
564 682 658 758 capit,
681 682 766 760 algor
788 702 911 742 acumen

78 810 81 825 .
137 769 238 829 irritat
259 770 368 845 morbi,
392 771 473 830 calor
495 773 578 830 extat
600 790 690 831 causa
712 771 854 847 salubris,

136 857 221 935 lippa
243 858 311 918 labe
325 858 435 936 *madet
458 861 561 927 oculus
585 859 748 936 morboque
770 861 923 920 ministrat

81 967 118 1006 ras
137 947 238 1007 crebro
261 950 418 1008 materiam
441 949 553 1028 frigens
577 952 759 1026 autumpnus
783 953 813 1009 et
835 950 949 1010 horam.

138 1033 171 1094 Si
193 1036 279 1096 dolor
302 1057 337 1095 ex
360 1039 512 1098 stomacho
535 1038 683 1115 procedit,
706 1038 786 1098 cedit
808 1039 847 1097 ad
868 1039 982 1098 horam.
1093 1104 1094 1108 ,

137 1126 163 1183 si
185 1125 280 1185 morbi
304 1145 425 1186 causam
444 1131 534 1204 caput
558 1126 654 1203 abdit,
678 1128 851 1187 continuata

136 1216 237 1290 passio
261 1217 435 1275 continuum
458 1217 566 1292 capitis
590 1217 676 1276 docet
698 1235 762 1276 esse
786 1216 926 1276 dolorem.

209 1304 368 1363 Errantem
389 1305 447 1362 tibi
469 1305 676 1366 demonstrant
698 1308 771 1365 haec
794 1307 881 1384 signa
904 1306 1082 1364 frenesim.

80 1412 118 1450 no
136 1393 161 1451 si
183 1393 319 1469 loquitur
341 1413 438 1454 errore
460 1414 568 1472 vagus,
591 1396 711 1471 privata
734 1396 831 1455 colore

135 1483 239 1541 urinae
261 1484 359 1542 tenuis
382 1483 566 1559 substantia,
586 1487 721 1563 tegmina
744 1485 841 1561 carpit

135 1571 287 1630 mobilitas
310 1591 468 1648 manuum,
492 1575 593 1632 vultus
617 1592 757 1649 suprema
779 1574 940 1646 lacessens,

136 1660 291 1719 instabiles
314 1661 395 1720 oculi
417 1661 578 1721 furibundo
602 1663 723 1739 singula
745 1663 814 1721 visu

135 1749 355 1827 perstringunt,
378 1750 510 1808 retinent
531 1769 656 1827 sompno
679 1755 821 1827 pereunte
843 1768 986 1825 perennes

79 1856 117 1895 us
136 1838 282 1897 excubias
319 1857 398 1896 nuno
421 1839 486 1898 rixa
508 1840 632 1914 loquax,
656 1858 734 1898 nunc
756 1841 834 1897 risus
857 1841 888 1896 in
914 1857 977 1909 ore,

136 1947 214 1985 nunc
237 1927 363 1986 reboans
386 1928 512 2003 clamor,
535 1947 613 1987 nunc
635 1931 721 1987 muta
744 1927 878 2001 silentia,
901 1945 980 1984 nunc
1003 1944 1074 2000 pax,

136 2035 215 2074 nunc
237 2016 342 2076 rabies.
380 2018 483 2077 stratis
506 2037 564 2077 non
588 2037 751 2093 numquam
773 2016 893 2094 prosilit
915 2034 1004 2094 aeger

135 2108 170 2164 ut
193 2107 300 2180 quovis
324 2107 490 2167 succinctus
513 2109 576 2183 eat,
599 2107 689 2166 febris
713 2107 800 2165 ardor
823 2108 926 2164 acutae

136 2197 219 2253 artus
244 2197 350 2254 exurit.
386 2197 432 2255 vis
456 2197 585 2272 amplior
606 2197 699 2256 insita
721 2195 861 2255 membris

78 2301 117 2340 rao
136 2283 161 2342 si
184 2285 290 2360 quovis
314 2303 384 2343 casu
407 2304 549 2360 sompnus
572 2285 662 2344 datur
682 2285 804 2345 horrida
827 2285 939 2360 promit

136 2373 286 2449 sompnia,
310 2373 410 2433 crebro
436 2373 518 2434 venit
539 2387 594 2432 nec
617 2393 676 2432 non
700 2376 760 2432 cito
783 2373 927 2449 praeterit
950 2374 1028 2430 ictus

135 2461 276 2537 arteriae,
299 2463 399 2521 vultus
423 2463 511 2522 rubet
533 2466 587 2521 aut
609 2463 717 2521 citrina
739 2460 867 2520 recludit

136 2553 275 2610 naturam
298 2551 413 2611 colerae
437 2553 542 2626 facies,
565 2551 688 2630 nigredo
712 2552 847 2627 palatum

135 2640 243 2714 inficit,
266 2643 296 2698 et
318 2640 439 2719 linguae
462 2642 605 2700 sermonis
628 2641 779 2700 subtrahit
800 2658 886 2700 usum

78 2746 116 2785 155
136 2729 261 2787 ariditas
286 2731 358 2803 oris,
385 2749 459 2808 quas
483 2749 542 2788 non
566 2731 618 2789 dat
641 2730 741 2806 passio
764 2729 874 2789 mentis

136 2817 245 2876 diffluit
267 2820 298 2875 in
322 2819 463 2879 lacrimas
486 2821 603 2893 oculus,
627 2820 681 2895 qui
704 2820 789 2878 sorde
813 2818 942 2877 madcnt'

208 2977 256 3024 181
278 2972 412 3025 acriorem
428 2974 492 3040 (pro
507 2972 598 3025 acrior
617 2975 641 3039 ὁ)
656 2973 685 3025 in
705 2990 731 3040 p.
747 2989 774 3025 m
789 2975 793 3040 Ι
811 2970 913 3024 acessit
930 2986 957 3023 m
975 2967 985 3039 ir,
1005 2973 1054 3019 136
1074 2967 1148 3019 mehr.

136 3044 224 3111 SIgna
241 3044 335 3096 utrum
356 3043 393 3097 sit
411 3059 429 3096 a
447 3044 592 3097 stomacho
610 3042 655 3097 vel
674 3058 692 3096 a
711 3043 804 3110 capite
823 3061 857 3096 m.
894 3041 929 3106 cf.
949 3041 990 3093 Io.
1010 3037 1040 3091 Si
1059 3038 1096 3090 sit
1115 3054 1149 3090 cx

136 3115 230 3239 οὶξίὺθ
249 3116 291 3168 est
310 3114 472 3181 continuus,
492 3114 516 3167 si
536 3131 569 3167 ex
587 3115 732 3168 stomacho
752 3116 795 3168 est
813 3110 999 3181 interpolatus
1023 3111 1026 3161 l
1046 3108 1150 3181 fslsfslor

135 3190 144 3252 (
188 3188 233 3239 rit.
264 3204 291 3240 m

207 3187 258 3311 laia
277 3258 350 3312 rubr.
371 3256 459 3326 Signa
481 3256 599 3311 franceis
618 3256 721 3310 XXIIII
745 3274 768 3310 m
792 3256 802 3326 lt
826 3259 877 3307 140
896 3251 963 3307 Sino
986 3253 1088 3319 loqu(..
1110 3253 1149 3304 sio

135 3328 235 3396 detrit.)
255 3346 281 3382 m
298 3329 309 3401 ll
327 3333 378 3382 142
398 3328 540 3382 lacescens
558 3346 585 3383 m
602 3328 623 3400 [l
636 3333 686 3381 152
706 3329 742 3394 cf.
760 3329 799 3382 10,
821 3325 938 3394 nigredo
956 3325 1065 3393 lingue,
1089 3339 1148 3404 mu3

129 3397 205 3448 tatio
228 3399 331 3453 eoloris
355 3400 427 3454 cutis
450 3400 480 3453 in
504 3399 635 3453 citrinum
654 3399 679 3453 si
698 3415 732 3452 ex
751 3397 856 3463 colera,
879 3397 923 3451 vel
940 3397 971 3449 in
989 3393 1105 3448 rubeum
1125 3410 1149 3446 ει

111 3477 151 3510 0¹
170 3469 319 3531 ⁸⁸⁰8111'110
344 3473 398 3540 (cet
418 3473 472 3540 Ic,
496 3488 555 3528 noa
577 3471 663 3540 Plat.)
694 3470 707 3544 ll
734 3474 787 3523 164
808 3468 913 3538 lingam
941 3485 967 3522 m
993 3469 996 3536 l
1021 3468 1070 3520 aab
1095 3468 1149 3534 fiac

93 3541 199 3581 vernas
215 3535 328 3608 (nsum)
349 3545 381 3596 ἐκ
401 3561 493 3616 marg.
517 3545 629 3602 fatetur
647 3562 702 3602 scr.
718 3561 748 3600 m
