2466 3848
80 188 156 244 XXX

81 333 117 422 (f.
127 341 229 399 5351.
247 331 353 420 6851)
368 357 435 398 5515
449 338 604 400 Avicenna
618 333 670 419 (cf.
681 339 711 398 Z.
721 341 742 398 f.
752 340 780 399 d.
789 340 853 400 Alt.
862 361 891 400 n.
901 341 934 400 F.
941 341 995 417 VI,
1005 333 1094 422 344).

80 428 169 488 115155
206 429 321 489 55111555
358 422 511 506 ‘magistri
547 423 724 488 cardinalis'
760 449 840 490 nunc
875 431 964 506 plane
996 430 1096 509 ignoti

81 516 261 595 exemplaria
283 518 419 576 feruntur
442 516 515 577 satis
539 518 665 595 antiqua
688 512 733 598 (et
751 520 864 579 saeculi
881 511 970 600 XIII)
992 519 1095 579 111151-

81 608 148 666 ‹liae
171 626 206 666 ex
229 605 419 665 celeberrima
441 606 622 667 bibliotheca
649 627 727 685 mag.
750 607 906 685 Amplonii
933 608 969 668 ds
996 608 1095 668 Barka

81 694 119 756 ad
137 694 303 754 Iohannitii
320 696 477 773 isagogam
495 690 559 777 (qu.
577 696 649 771 181,
660 697 689 756 3.
709 716 758 772 qu.
775 700 848 773 173,
860 700 888 757 9.
908 717 957 774 qu.
973 698 1047 774 295,
1060 692 1095 778 9)

80 787 111 845 55
142 783 238 862 Tegni
270 782 387 844 Galieni
420 778 484 864 (qu.
501 787 608 860 181,4
637 789 668 844 et
689 788 759 861 post
783 789 856 861 173,
872 778 920 867 9),
952 788 1026 846 item
1057 786 1096 846 ad

80 871 274 950 Hippocratis
311 874 497 949 aphorismos
534 875 564 932 in
601 874 664 933 cod.
692 873 786 935 Paris.
814 877 899 936 6847
937 877 967 957 et
1002 875 1095 937 Basil.

80 961 168 1021 DIII.
181 963 221 1020 16
249 963 282 1021 15
314 960 424 1038 quibus
456 963 672 1040 subscriptione
699 966 877 1025 consonanti
908 959 1096 1041 ‘Expliciunt

81 1051 197 1130 glosule
230 1068 319 1128 super
351 1050 516 1111 afforismos
549 1053 741 1112 secundum
773 1055 988 1132 magistrum
1019 1072 1094 1113 car-

80 1133 262 1199 dinalem'.
294 1139 409 1201 codices
428 1140 549 1217 quidem
568 1142 764 1219 Amploniani
785 1144 902 1202 minuto
925 1143 1095 1202 charactere

81 1228 186 1305 scripti
217 1246 305 1305 saepe
337 1228 477 1304 evanido,
509 1230 582 1290 51151
614 1230 736 1307 quidem
767 1250 845 1291 anno
879 1232 964 1290 1855
998 1249 1017 1290 5
1048 1249 1095 1290 515

80 1319 193 1394 partim
224 1319 368 1395 excerpti,
400 1319 484 1379 visus
515 1338 595 1378 nunc
627 1321 721 1379 aciem
749 1320 935 1380 debilitatem
963 1320 1095 1398 fugiunt,

80 1426 184 1466 verum
210 1406 257 1466 uti
285 1406 372 1483 potui
398 1407 583 1485 glosularum
614 1427 704 1486 super
736 1409 784 1468 aff.
808 1409 907 1470 codice
934 1409 1096 1470 Basiliensi

80 1496 207 1573 pessime
230 1496 351 1570 quidem
373 1498 405 1555 at
428 1497 648 1575 grandiusculis
671 1498 780 1558 litteris
811 1498 849 1558 ab
872 1497 1094 1576 imperitissimo

79 1584 202 1644 librario
226 1588 355 1645 5151555.
387 1585 466 1661 quod
490 1587 529 1645 ad
550 1585 781 1663 Amplonianos‚
802 1588 859 1647 hoc
880 1590 1000 1647 tantum
1022 1587 1096 1646 libet

79 1692 199 1734 monere
222 1673 255 1730 in
277 1673 341 1733 cod.
360 1694 409 1751 qu.
425 1676 489 1733 178
512 1667 603 1755 (saec.
621 1675 692 1734 XIV
715 1676 752 1735 ab
775 1695 836 1735 uuo
860 1677 1003 1752 scriptore
1027 1695 1095 1735 con·

82 1762 144 1822 dito
168 1763 200 1820 55
222 1762 406 1839 amplissime
427 1763 629 1824 rubricatioue
653 1757 773 1843 ornato)
792 1764 944 1840 Anonymi
961 1764 1094 1841 glosulas

82 1852 326 1911 collectaneae
344 1851 448 1911 haberi
466 1873 502 1911 51
516 1853 637 1912 ’11151155
651 1852 833 1913 Bononiensi
846 1845 896 1933 (=
906 1845 1095 1931 Florentino)

81 1939 261 2016 compositas
289 1958 356 1999 cum
379 1941 503 2019 glosulis
527 1942 733 2002 Bartholomei
756 1944 786 2001 55
808 1941 930 2003 Ioannis
963 1942 1002 2002 ad
1032 1942 1094 2002 Isa-

81 2048 191 2107 gogam
214 2031 245 2088 55
268 2027 306 2088 ad
325 2030 428 2108 Tegni,
447 2050 513 2091 cum
534 2030 702 2091 cardinalis
721 2035 822 2091 autem
842 2034 874 2091 et
890 2030 1096 2092 Bartholomei

81 2118 120 2177 ad
138 2118 313 2178 Afforismos
331 2122 363 2178 55
379 2119 563 2180 Ρ1ο5555155.
585 2119 639 2179 ubi
657 2139 724 2180 cum
743 2139 910 2197 anonymus
928 2120 1097 2180 rubricator

81 2209 186 2266 auctor
200 2201 325 2288 (saeculi
338 2208 421 2284 XIV,
439 2228 507 2268 cum
524 2208 592 2285 ipso
605 2203 782 2292 Amplonio)
797 2211 1042 2270 Bartholomeum
1060 2209 1096 2268 de

80 2295 190 2373 Brugis
202 2297 341 2355 inferciat
348 2295 521 2357 Aristotelis
533 2299 715 2376 glosatorem
726 2293 968 2377 saecXIlIsXIV
976 2291 1095 2379 (dequo

81 2384 143 2443 dixi
162 2384 195 2443 15
213 2384 375 2446 Aristotele
396 2386 659 2464 Pseudepigrapho
677 2387 759 2464 Lips.
776 2387 861 2446 1863
878 2407 907 2463 p.
919 2386 992 2446 639.
1008 2380 1096 2467 646),

79 2475 184 2532 notum
198 2474 311 2534 scilicet
324 2494 379 2552 pro
393 2476 496 2553 ignoto
511 2494 605 2552 eoque
620 2477 672 2552 qui
685 2477 718 2534 in
731 2476 815 2535 libris
830 2474 966 2558 omnibus
980 2493 1097 2552 semper

80 2564 181 2622 careat
207 2566 416 2642 cognomento,
443 2564 591 2624 Iohannes
619 2583 737 2641 quoque
766 2564 801 2623 de
825 2563 935 2624 Sancto
958 2564 1096 2623 Amantio

80 2671 176 2711 novus
195 2656 226 2710 55
243 2655 332 2712 55555
351 2656 457 2713 auctor
480 2672 573 2729 aeque
596 2653 691 2732 Belga
713 2655 866 2730 suspectus
890 2671 953 2713 5555
976 2652 1097 2712 videtur

80 2744 170 2816 atque
193 2741 289 2818 repeti
311 2761 345 2802 eo
369 2743 523 2802 nominato
546 2743 668 2801 Ioannis
695 2762 803 2802 nomen
830 2743 927 2801 solum
949 2733 1097 2812 (eiusdem

80 2829 142 2889 5511.
161 2823 352 2911 (luminatis),
371 2851 407 2889 51
425 2849 573 2908 quocum
591 2831 803 2890 Bartholomeo
822 2831 928 2890 auctor
941 2829 1097 2888 Thadeum

80 2919 272 2995 suppleverit.
291 2922 423 2979 55555155
441 2921 514 2979 11555
532 2919 668 2979 codicum
684 2919 955 2996 manuscriptorum
977 2937 1096 2978 accura-

79 3009 157 3068 tiore
166 3009 266 3068 studio
275 3007 431 3085 inquirent
440 3008 657 3085 expediantque
666 3008 900 3069 iunioreealiiet
908 3007 1096 3082 valentiores,

79 3097 155 3156 mihi
169 3099 278 3172 555551,
292 3116 359 3157 cum
374 3097 412 3156 ad
421 3100 532 3158 metam
540 3097 603 3157 iam
611 3098 697 3158 labor
705 3097 872 3177 Egidianus
883 3098 1097 3174 properaverit,

81 3187 195 3263 gratiae
218 3184 351 3264 agendae
374 3190 446 3245 5555
472 3185 601 3246 Aemilio
623 3186 727 3247 Iacobs
745 3186 853 3246 515155
875 3187 978 3246 Musae
1001 3185 1096 3245 amico

80 3275 190 3350 iuveni,
213 3275 266 3351 qui
284 3274 417 3353 gratiosa
434 3276 589 3337 voluntate
606 3277 745 3355 plagulas
768 3275 991 3335 Teubnerianas
1014 3293 1032 3333 a
1050 3293 1097 3333 me

77 3366 228 3424 correctns
251 3363 411 3424 semicaeco
434 3365 565 3445 relegere
587 3365 732 3426 sustinuit
755 3368 786 3426 et
808 3365 990 3426 confirmare.

123 3482 283 3548 Berlini
304 3493 359 3554 10.
379 3490 489 3554 Martii
517 3492 614 3554 1907.
945 3533 1061 3603 QX„
