2466 3848
111 172 176 227 XVI

113 325 283 385 adolescens
319 343 397 382 anno
427 342 450 382 c.
473 323 557 382 1136
595 323 762 382 studiorum
792 342 882 383 causa
912 328 943 382 et
970 322 1129 383 Absilardi

113 405 273 494 (†1142)
295 414 328 471 in
352 411 483 471 Galliam
505 412 663 472 transisset
687 405 814 493 (per12
840 412 945 472 deinde
969 431 1063 472 annos
1086 412 1129 470 ibi

113 494 308 582 moraturus),
331 518 515 578 quamquam
539 495 711 577 ‘discipuli'
735 521 843 561 nomen
861 504 977 561 recuset
996 496 1130 561 ‘doctam

113 596 214 651 tamen
238 585 405 668 ‘magistri'
428 589 540 648 Adami
561 592 666 666 utpote
685 590 807 669 Angliei
829 593 860 650 et
879 585 1004 650 ‘nostri’
1028 583 1073 671 (ll.
1089 609 1129 650 cc.

114 681 151 740 ef.
165 681 240 757 prol.
254 683 341 739 tract.
358 684 385 738 1.
397 671 432 759 3)
447 679 699 754 familiaritatem,
718 681 809 738 etiam
827 674 1019 739 ‘librorum
1038 698 1129 738 com·

113 762 374 829 muricatione'
392 761 546 850 (metalog.
563 768 591 842 3,
607 760 641 848 3)
661 769 776 843 utilem,
800 787 888 828 suum
907 769 946 828 ad
964 770 1079 827 lucrum
1098 787 1129 828 se

114 859 188 917 olim
209 875 363 918 revocasse
387 856 538 916 confessus
562 858 620 931 est,
647 857 777 917 hominis
801 859 891 917 simul
913 858 1026 917 famam
1053 859 1129 916 atte-

115 950 212 1007 status
254 949 284 1006 et
325 948 507 1006 sectatorum
543 965 708 1004 numerum.
764 947 905 1024 cognovit
941 946 1020 1004 enim
1061 964 1130 1004 eum

115 1028 199 1117 (met.
224 1037 252 1110 2,
269 1027 325 1116 10)
354 1030 535 1095 ‘acutissimi
561 1034 659 1094 virum
685 1035 798 1113 ingenii
826 1038 856 1095 91
884 1030 1049 1111 ‘quidquid
1077 1035 1131 1093 alii

115 1126 255 1200 sentiant,
292 1126 486 1183 multarum
522 1117 753 1183 litterarum'.
804 1126 834 1182 et
866 1143 937 1184 sane
969 1124 1131 1183 molestum

116 1213 266 1289 quoddam
300 1217 330 1272 et
363 1232 492 1272 vacuum
526 1212 703 1272 subtilitatis
733 1213 866 1272 studium
895 1212 981 1272 nobis
1011 1231 1131 1289 quoque

115 1303 217 1379 prodit
247 1304 395 1361 tractatus
423 1300 533 1360 Adami
561 1301 747 1376 dialecticus,
779 1321 888 1362 vanam
916 1301 1070 1361 doctrinae
1096 1320 1131 1360 ex

115 1391 266 1451 veteribus
303 1391 406 1450 multis
443 1390 527 1450 libris
565 1392 751 1468 conquisitae
788 1392 965 1453 iactantiam
1001 1391 1131 1450 dictio·

116 1482 239 1540 narius
262 1480 327 1555 ille,
356 1499 444 1556 quem
467 1480 522 1539 sub
546 1480 643 1556 specie
665 1480 782 1540 itineris
806 1482 881 1541 facti
901 1482 1076 1557 reditusque
1099 1480 1132 1537 in

115 1570 247 1646 patriam
288 1569 326 1628 ad
366 1568 526 1628 verborum
561 1569 679 1643 copiam
715 1570 948 1645 comparandam
984 1570 1131 1644 descripto

117 1658 251 1717 aedificio
271 1657 432 1716 domestico
452 1657 635 1717 scholaribus
655 1650 828 1739 confecit¹)‚
847 1660 992 1734 cumipse
1006 1657 1131 1716 Parisiis

116 1765 216 1806 recens
249 1748 283 1805 ut
315 1746 435 1806 videtur
465 1745 607 1823 magister
639 1746 738 1804 factus
766 1749 856 1821 esset,
889 1746 927 1805 ad
954 1745 1132 1822 magistrum

116 1836 292 1895 Anselmum
307 1835 456 1911 quendam
470 1835 597 1893 amicum
612 1853 699 1893 suum
714 1833 868 1894 directum.
903 1833 1039 1892 libellum
1054 1851 1131 1892 anno

121 1926 204 1984 1867
216 1918 342 2001 edidit²)
353 1924 430 2002 Aug.
442 1923 561 1983 Scheler
571 1919 688 2001 (Jahrb.
700 1923 719 1981 f.
729 1942 843 1982 roman.
855 1943 883 1980 u.
893 1923 969 2000 engl.
979 1921 1133 1980 LittVIII

117 2034 145 2089 p.
163 2006 309 2095 75—93)
337 2033 373 2071 ex
399 2013 488 2071 unico
516 2016 581 2072 tum
609 2011 708 2071 codice
731 2011 879 2090 Brugensi
903 2012 966 2072 536
992 2003 1028 2092 (s.
1043 2006 1132 2084 xm)

118 2104 211 2181 glosis
244 2101 348 2179 paucis
380 2102 528 2161 instructo
556 2094 607 2182 (de
636 2120 695 2178 quo
722 2122 751 2161 v.
775 2100 894 2160 Scheler
921 2122 949 2177 p.
975 2103 993 2159 7
999 2093 1041 2182 7).
1078 2119 1132 2178 ego

119 2193 213 2251 altero
237 2195 357 2268 praeter
375 2211 442 2249 eum
466 2190 565 2250 codiee
587 2208 657 2249 usus
677 2209 744 2249 sum
762 2189 1025 2267 Guelpherbytano
1046 2190 1132 2248 3035

118 2275 318 2362 (Heinemann
334 2278 456 2357 =Aug.
473 2280 522 2338 13.
541 2280 582 2337 10
605 2299 643 2336 m.
658 2297 680 2338 s.
696 2273 795 2359 XIII),
817 2279 870 2338 ubi
887 2279 968 2338 iusto
987 2297 1134 2337 commen·

118 2370 197 2429 tario
231 2369 425 2445 grammatico
459 2367 496 2426 ab
529 2368 632 2426 eadem
664 2386 757 2426 manu
789 2369 841 2443 qui
872 2370 988 2426 textum
1015 2366 1135 2443 scripsit

119 2459 230 2536 gallica
251 2460 362 2518 inserto
387 2454 422 2536 (f.
439 2449 517 2538 198)
537 2451 663 2532 ‘Incipit
681 2457 753 2532 epla
772 2455 851 2533 mgfi
869 2456 923 2516 ade
942 2457 978 2514 de
992 2475 1050 2530 pro
1064 2458 1134 2532 pote

120 2547 157 2607 ad
183 2545 280 2621 mgr-m
304 2547 438 2605 anselmo
461 2545 497 2604 de
520 2545 620 2603 redItu
639 2563 692 2603 suo
711 2546 743 2603 in
763 2545 864 2623 anglia
883 2565 902 2605 a
920 2539 1039 2623 gallia',
1058 2563 1134 2621 quae

120 2681 236 2735 noricus
254 2681 366 2734 nomine
385 2679 477 2732 Adam
496 2679 632 2733 noviter
655 2695 694 2732 ex
713 2678 842 2733 scholis
860 2679 1022 2747 magistri
1039 2677 1135 2732 Petri

119 2750 302 2804 Abailardi
326 2766 497 2819 egressus,
523 2749 679 2804 conabatur
697 2753 822 2804 astruere
841 2749 981 2804 Christum
1002 2751 1135 2817 exparte

121 2823 204 2877 deum
227 2824 256 2876 et
279 2838 313 2875 ex
335 2823 417 2891 parte
435 2821 577 2876 hominem
597 2822 670 2875 esse'
689 2821 735 2892 (ol.
749 2820 781 2876 A.
798 2821 900 2875 Hauck
917 2820 1135 2889 Kirchengesoh.

120 2891 327 2948 Deutsohlands
346 2893 385 2947 IV
400 2897 469 2946 1993
488 2910 515 2961 p.
530 2894 593 2962 441)
612 2892 706 2962 logica
725 2891 784 2946 soil.
803 2893 834 2946 in
853 2892 1020 2961 theologicis
1040 2891 1135 2959 dispu-
1185 2902 1190 2915 ·

120 2964 228 3018 tatione
242 2963 377 3032 gaudens,
396 2967 429 3017 ut
443 2980 527 3018 senex
541 2966 641 3032 postea
656 2980 728 3018 anno
746 2969 813 3017 1179
828 2963 976 3032 episcopus
985 2962 1135 3016 Walensis.

120 3035 228 3089 iuvenis
246 3037 314 3088 tunc
332 3034 381 3088 ille
399 3035 593 3104 impugnantis
613 3034 736 3089 Gerhohi
755 3037 784 3089 et
802 3035 937 3090 ecclesiae
956 3033 1136 3088 assentientis

120 3105 263 3175 repulsam
280 3105 348 3159 tulit
367 3107 492 3175 (sedente
512 3107 604 3160 adhuc
623 3105 746 3160 Honorio
766 3107 795 3160 et
813 3108 879 3160 ante
899 3105 1046 3159 ‘schisma'
1059 3104 1137 3157 Petri

121 3176 245 3245 Leonis),
269 3178 298 3230 et
315 3179 416 3245 postea
434 3178 539 3231 ‘factus
559 3178 704 3246 apostata’
722 3177 774 3231 ivit
792 3177 835 3230 ‘in
853 3175 1009 3244 Apuliam',
1029 3174 1137 3228 scilicet

122 3247 159 3300 ad
173 3247 478 3303 Franco-Nomannos
493 3249 583 3302 avitos
597 3252 626 3302 91
637 3249 778 3318 Rogarem
792 3248 839 3317 (II)
858 3264 922 3301 mox
936 3263 1032 3316 regem
1051 3248 1137 3314 atque

122 3318 276 3387 antipapae
295 3321 432 3375 Anacleto
452 3321 511 3389 (qui
529 3320 681 3387 coronavit)
701 3320 823 3372 amicum
843 3321 878 3387 (a,
894 3321 982 3386 1130).

184 3392 215 3454 1)
233 3391 312 3444 siout
325 3394 430 3461 postea
444 3392 533 3461 ipsius
547 3390 650 3444 Adami
669 3390 824 3458 discipulus
838 3389 998 3444 Alexander
1010 3387 1038 3440 N
1039 3388 1138 3442 eeham

91 3453 127 3513 (†
139 3461 228 3532 3217)
243 3461 298 3525 qui
311 3464 432 3534 scripsit
446 3465 484 3520 de
498 3461 678 3520 utensilibus.
767 3463 794 3530 2]
809 3461 900 3514 denuo
916 3460 1022 3515 editum
1037 3459 1068 3512 in
1082 3457 1139 3513 col-

75 3512 464 3597 lectroneseparatainror.
480 3531 1141 3610 Lexioographielaudemuuecusmsaea.
