2466 3848
286 682 644 764 BREVIARIUS
674 683 961 764 IOHANNlS

339 842 416 924 ΒΕ
449 842 671 925 SANOTO
702 842 907 924 PAULO.

217 1013 326 1068 Tabula
345 1015 532 1083 capitulorum
551 1032 586 1069 ex
604 1016 664 1070 cod.
679 1015 772 1084 Ampl.
786 1033 833 1083 qu.
849 1020 900 1068 207
921 1016 949 1084 (f.
960 1018 1030 1084 118).

174 1190 302 1245 Assiduis
339 1191 523 1260 petitionibus
557 1209 602 1246 me
634 1193 693 1246 kur
726 1194 923 1261 compendiose
954 1191 1145 1247 morborum

103 1263 201 1330 signa
227 1280 346 1316 causas
374 1266 407 1316 et
434 1281 532 1318 curas
557 1264 587 1317 in
613 1265 748 1332 scriptum
772 1265 900 1334 redigere
926 1264 1034 1334 cogitis.
1072 1264 1145 1317 desi-

104 1333 188 1386 deriis
213 1335 310 1401 itaque
327 1334 427 1388 vestris
450 1335 632 1388 satisfaciens.
670 1337 744 1389 hunc
769 1335 893 1390 laborem
916 1335 972 1389 leto
997 1334 1146 1405 aggredior

104 1405 205 1458 animo.
243 1405 421 1459 considerans
447 1406 539 1474 ipsum
564 1405 643 1461 vobis
669 1406 752 1460 simul
777 1410 806 1461 et
831 1406 950 1476 posteris
976 1407 1035 1460 fore
1061 1423 1144 1474 quam

102 1476 223 1529 maxime
250 1475 358 1530 utilem.
395 1477 524 1545 Exequar
546 1481 640 1531 autem
663 1476 784 1532 breviter
807 1479 888 1548 signa
911 1481 939 1531 et
962 1493 1060 1531 causas
1083 1493 1145 1546 pre-

102 1563 209 1615 ponens
233 1549 261 1600 et
284 1564 363 1601 curas
390 1547 537 1603 subiciens.
574 1549 694 1617 ideoque
720 1548 929 1605 breviarium
952 1548 1144 1604 intitulavi.

102 1619 246 1673 Dividitur
268 1622 362 1674 autem
385 1618 457 1674 liber
479 1620 533 1673 iste
555 1621 586 1674 in
604 1619 637 1674 V.
656 1620 817 1688 particulas.
855 1637 973 1689 quarum
996 1620 1087 1688 prima
1110 1620 1145 1673 de

103 1691 190 1760 signis
219 1693 247 1743 et
274 1691 366 1744 causis
391 1691 422 1745 'et
450 1691 523 1745 curis
551 1691 742 1761 egritudinum
769 1690 964 1746 universaliter
992 1693 1145 1745 tractatum

102 1762 228 1815 continet
253 1764 282 1815 et
307 1762 341 1816 de
368 1763 551 1817 exterioribus
576 1762 753 1831 passionibus
781 1764 911 1832 corporis.
957 1762 1085 1816 Secunda
1110 1761 1145 1816 de

101 1833 278 1900 passionibus
298 1835 485 1888 animatorum
503 1834 691 1888 membrorum
710 1837 738 1888 et
757 1834 954 1902 spiritualium.
992 1834 1087 1888 Tertia
1110 1833 1145 1886 de

102 1903 278 1971 passionibus
297 1905 495 1959 nutritivarum
514 1906 644 1973 partium.
678 1905 783 1970 Quarta
802 1905 837 1958 de
853 1905 957 1960 morbis
971 1905 1145 1974 generativo-

101 1974 374 2099 {ulm'bmembrorum
400 1978 429 2028 et
452 1977 509 2028 scie
532 1992 665 2029 manuum
688 1978 717 2030 et
740 1976 852 2043 pedum.
894 1976 999 2041 Quinta
1021 1992 1086 2031 vero
1110 1975 1145 2030 de

115 2062 130 2099 e
151 2064 175 2098 rr
195 2063 236 2099 us.

459 2115 630 2186 (Capitula
653 2116 737 2171 libri
756 2117 788 2187 I.)

102 2223 144 2276 De
162 2222 340 2292 generalibus
359 2223 447 2293 signis
467 2226 495 2277 et
519 2224 611 2277 causis
640 2224 681 2278 De
700 2223 802 2279 fistula.

138 2294 337 2363 egritudinum.
640 2296 681 2349 De
699 2313 793 2349 morsu
815 2311 1016 2351 venenosorum
1039 2295 1144 2348 anima·

103 2365 144 2418 De
162 2365 341 2435 generalibus
361 2367 442 2419 curis.
674 2366 744 2420 lium
759 2368 788 2420 et
806 2367 939 2435 precipue
954 2367 1030 2421 canis
1044 2366 1144 2421 rabidi.

102 2437 144 2490 De
161 2436 297 2492 varietate
316 2437 467 2507 signorum.
638 2438 680 2491 De
702 2437 831 2492 incendio
854 2438 929 2506 ignis
953 2439 981 2490 et
1004 2454 1077 2505 aque
1100 2454 1144 2491 ca·

102 2509 144 2562 De
160 2507 296 2562 varietate
312 2525 449 2562 curarum.
674 2509 739 2563 lide.

102 2581 144 2634 De
162 2579 386 2649 purgationibus.
639 2580 680 2633 De
698 2579 819 2634 variolis.

102 2651 143 2704 De
163 2649 382 2705 collectionibus.
638 2651 680 2704 De
699 2651 800 2704 scabie.

102 2722 143 2775 De
163 2739 228 2775 cura
245 2721 450 2776 collectionum.
639 2722 680 2776 De
698 2721 843 2790 pediculis.

102 2794 143 2848 De
162 2811 229 2848 cura
248 2796 462 2862 apostematum.
638 2794 680 2847 Do
698 2793 777 2861 lepra
796 2794 824 2848 et
843 2792 991 2862 serpigine.

102 2865 144 2918 De
161 2864 324 2918 vulneribus
339 2867 367 2919 et
381 2863 566 2918 incisionibus
582 2867 612 2918 et
638 2866 680 2920 De
699 2864 833 2933 morphea
851 2866 880 2917 et
898 2863 1072 2934 impetigine.

138 2935 212 2988 mala
231 2953 313 2990 carne
331 2936 485 2991 vulnerum.
639 2936 680 2990 De
698 2936 788 3004 porris
807 2937 836 2989 et
853 2935 984 2989 verrucis.

175 3023 203 3092 (f.
220 3026 281 3093 128)
308 3025 461 3094 Postquam
493 3025 695 3095 assignavimus
728 3025 763 3078 de
793 3023 976 3078 exterioribus
1008 3022 1144 3092 passioni-

102 3094 154 3147 bus
180 3110 235 3161 que
259 3095 290 3147 iu
313 3099 373 3151 toto
397 3112 512 3165 corpore
536 3097 597 3150 fieri
622 3099 739 3164 possunt
762 3095 935 3164 assignemus
961 3094 996 3147 de
1019 3093 1063 3146 his
1090 3111 1144 3162 que

102 3166 132 3218 in
151 3165 320 3233 quibusdam
338 3170 448 3221 tantum
467 3167 594 3236 partibus
613 3168 683 3221 fiant
701 3170 729 3221 et
746 3167 837 3235 primo
857 3166 892 3219 de
910 3165 1039 3234 pustulis.

103 3255 144 3308 De
162 3253 285 3321 pustulis
304 3256 414 3324 capitis.
637 3257 678 3310 De
688 3255 817 3310 scrofulis
826 3258 855 3309 et
863 3254 956 3308 botrio
964 3255 1010 3322 (al.
1017 3253 1098 3308 bocio
1108 3255 1142 3321 cf.

102 3325 144 3379 De
163 3324 318 3379 furfuribus
338 3327 447 3395 capitis.
672 3328 723 3381 Da
742 3327 834 3396 Gaapc
852 3343 873 3380 a.
888 3324 988 3393 bocio).

102 3397 144 3450 De
163 3413 229 3450 casu
248 3397 423 3466 capillorum.
638 3399 679 3451 De
697 3398 786 3451 fetore
805 3396 857 3450 sub
876 3395 997 3450 ascellis.

99 3468 143 3521 De
162 3469 261 3522 ornatu
281 3467 458 3539 capillorum.
638 3469 687 3525 lic
703 3469 810 3524 bssura
823 3481 970 3521 manuum
985 3465 1020 3514 et»
1031 3462 1157 3524 psum.

90 3538 135 3592 De
154 3542 257 3595 ornatu
276 3541 373 3598 faciei.
