2466 3848
109 177 173 242 104
238 173 458 229 saeviamus
477 173 653 230 IOHANNIS
672 174 720 228 ΒΕ
740 174 880 230 SANOTO
899 174 1019 231 PAULO

481 316 510 386 (f.
522 317 596 370 acb
616 317 717 371 mser
735 317 779 386 11.)

177 422 265 477 Primi
283 423 349 476 libri
368 422 452 477 series
472 423 640 477 exteriorum
657 423 819 491 passionum
837 425 991 478 tractatum
1010 425 1150 479 continuit

107 496 165 547 tam
185 510 280 548 earum
299 510 353 562 que
371 495 402 548 in
421 493 594 562 quibuslibet
612 494 795 549 exterioribus
811 496 943 549 membris
957 496 1018 550 fieri
1031 499 1150 564 possunt

106 567 139 618 ut
157 565 234 633 lepre
253 582 337 633 quam
357 581 452 619 earum
476 581 530 633 que
553 565 583 619 in
607 566 773 633 quibusdam
791 567 904 620 tantum
922 566 1051 635 partibus
1069 568 1147 621 fiunt.

106 638 139 689 ut
162 636 261 690 boecii.
298 637 345 690 bio
368 638 462 689 autem
485 636 558 690 liber
582 637 715 691 enodabit
739 637 882 705 passiones
908 638 1095 693 animatorum
1120 642 1149 692 et

88 706 296 775 ¹spiritualium
319 707 514 762 membrorum.
556 707 795 776 Incipiendum
818 711 869 762 est
892 726 909 762 a
932 709 1047 778 capite
1073 711 1149 778 quod

108 781 150 832 est
167 778 255 833 totius
274 779 396 847 corporis
414 778 502 832 radix.
532 779 583 833 sub
603 779 681 833 cuius
699 779 853 847 preiudicio
872 779 998 834 membra
1016 781 1150 835 inferiora

107 852 315 905 commoventur
342 852 370 903 et
399 850 519 918 quodam
546 866 619 904 nexu
646 849 779 903 familiari
811 853 962 905 nectuntur
992 852 1148 906 ministerio

107 920 236 974 naturali.
242 921 260 990 ¹)
289 919 358 975 Cum
372 920 461 990 igitur
475 920 576 991 capitis
590 921 679 974 multe
693 921 750 974 sint
764 922 943 992 egritudines.
973 923 1149 977 exordiamur

107 1010 124 1044 a
142 991 238 1046 dolore
257 991 365 1060 capitis.
400 993 532 1061 quoniam
551 993 644 1060 sepius
664 993 825 1047 accidit

461 1160 632 1232 (Capitula
651 1161 734 1216 libri
752 1161 796 1231 II.)

106 1269 149 1323 De
168 1267 263 1323 dolore
282 1267 391 1337 capitis.
641 1268 682 1321 De
700 1267 822 1321 naribus.

106 1339 148 1394 De
166 1341 262 1393 mania
280 1341 309 1394 et
329 1339 504 1394 melancolia.
640 1339 682 1393 De
701 1340 801 1393 corita.

106 1411 148 1464 De
166 1411 278 1465 frenesi.
640 1411 682 1465 De
700 1411 790 1464 fetore
809 1409 928 1465 narium.

106 1481 148 1536 De
166 1482 308 1553 lithargia.
641 1482 683 1535 ΒΘ
701 1482 790 1536 fetore
809 1482 873 1536 oris.

106 1553 148 1607 De
167 1554 310 1608 scotomia.
641 1555 683 1608 De
700 1553 779 1607 vitiis
797 1553 932 1607 dentium.

106 1625 148 1678 De
167 1624 339 1694 epilempsia.
642 1625 683 1677 De
701 1623 794 1678 uvula.

105 1695 148 1750 ΒΘ
167 1696 322 1765 apoplexia.
642 1696 683 1749 ΒΘ
702 1695 857 1762 quinantia.

105 1766 148 1821 De
166 1767 289 1837 paralisi.
641 1767 683 1820 De
701 1782 775 1820 voce.

105 1838 148 1893 ΒΘ
167 1854 287 1908 spasmo.
642 1838 683 1891 ΒΘ
701 1838 780 1890 tussi.

106 1910 148 1964 ΒΘ
167 1909 262 1964 dolore
281 1907 432 1963 oculorum.
642 1909 684 1963 ΒΘ
703 1908 884 1977 emoptoycis.

106 1981 148 2034 ΒΘ
166 1981 279 2034 defectu
296 1980 380 2035 visus.
642 1979 683 2033 De
702 1979 827 2048 empicis.

106 2052 148 2106 ΒΘ
165 2052 252 2106 variis
269 2050 417 2105 medicinis
436 2050 587 2105 oculorum.
641 2051 683 2105 De
701 2051 779 2120 ptisi.

106 2123 148 2177 De
167 2122 263 2177 dolore
282 2123 400 2176 aurium.
641 2123 683 2176 De
701 2121 824 2191 pleuresi
842 2124 871 2176 ct
889 2120 1121 2191 peripleumonia.

106 2195 148 2248 De
167 2195 280 2248 defectu
299 2194 420 2247 auditus.
641 2194 682 2248 De
702 2195 816 2248 asmata.

106 2265 148 2319 ΒΘ
167 2266 312 2335 sanguinis
332 2265 415 2318 fluxu.
640 2266 683 2319 De
702 2265 818 2333 sincopi.

179 2356 246 2424 (ita.)
272 2354 393 2421 Reliqua
418 2353 525 2406 auxilia
550 2370 584 2407 ex
608 2355 729 2422 propriis
756 2356 821 2407 sunt
844 2353 1013 2422 requirenda
1041 2353 1151 2422 capitu·

106 2425 149 2479 lis.
176 2425 331 2479 statuimus
346 2425 421 2479 enim
435 2426 465 2478 in
479 2426 532 2478 hoc
546 2441 630 2493 opere
645 2425 680 2479 de
694 2425 812 2494 singulis
827 2423 948 2479 breviter
962 2440 1052 2508 agere.
1082 2424 1152 2479 licet

107 2497 274 2565 quandoque
294 2497 442 2550 decurrens
461 2512 550 2550 sermo
570 2496 690 2550 detineri
708 2513 764 2550 non
782 2497 872 2564 possit
890 2512 925 2550 ne
943 2497 1026 2549 huius
1043 2495 1084 2549 rei
1099 2495 1151 2550 ali·

108 2568 175 2636 quid
194 2568 298 2622 redeat.
330 2569 383 2621 hoc
402 2568 476 2620 enim
496 2567 602 2636 cogitet
621 2568 670 2635 qui
689 2568 756 2637 (cod.
771 2568 801 2620 D
820 2567 913 2636 cogito
933 2567 1058 2636 quidem)
1078 2567 1152 2621 eius·

106 2638 183 2694 modi
202 2642 252 2694 est.
285 2639 352 2707 quia
371 2639 420 2705 qui
439 2639 488 2691 dat
507 2639 543 2692 de
561 2638 680 2707 singulis
699 2638 808 2706 aliquid
825 2637 947 2706 plurima
966 2637 1054 2692 offert.

404 2808 432 2877 (f.
444 2813 495 2862 145
516 2806 677 2876 Capitula
696 2807 780 2860 libri
798 2805 855 2875 IH.)

107 2916 148 2970 De
170 2915 291 2970 fastidio.
641 2913 683 2967 De
702 2912 815 2966 diarria.

106 2987 149 3041 De
167 2987 296 3041 bulismo.
642 2986 683 3038 De
702 2985 838 3038 lienteria.

107 3058 149 3113 De
167 3059 224 3112 siti.
642 3058 683 3110 De
703 3056 875 3110 dissenteria.

107 3129 149 3184 De
167 3129 333 3184 ructatione.
641 3129 683 3182 De
702 3130 856 3181 tenasmon.

106 3199 149 3255 De
167 3202 282 3255 vomitu.
642 3200 683 3253 De
702 3198 801 3267 yliaois
821 3200 849 3251 et
868 3197 973 3252 colicis.

107 3270 149 3326 De
172 3271 267 3326 dolore
291 3271 430 3326 stomachi
453 3273 482 3324 et
504 3269 614 3324 intesti-
642 3270 683 3324 De
702 3269 855 3323 lumbricis.

143 3359 249 3397 norum.
643 3342 684 3394 De
701 3339 880 3409 passionibus
898 3341 953 3396 ani.

174 3521 203 3584 1)
220 3522 290 3573 sunt
304 3518 444 3574 Theodori
457 3518 593 3573 Prisciani
609 3518 694 3573 verba
712 3536 739 3587 p.
751 3524 812 3584 217,
827 3523 860 3572 19
878 3517 974 3586 qualia
993 3533 1027 3570 ex
1040 3516 1152 3574 Passio·

83 3583 170 3634 natio
186 3585 237 3653 ΠΙ,
253 3595 292 3642 43
312 3591 402 3646 traxit
419 3590 570 3646 Iohannes.
