2466 3848
536 203 703 260 VIATIOUS

44 375 97 417 1999
115 357 244 417 occurrit
266 375 354 432 parce
377 356 517 415 calidum.
563 375 683 434 corpus,
707 356 802 430 locus,
827 375 890 431 aer,

114 463 184 522 pars
209 447 280 504 anni
303 444 395 521 recipi
418 447 560 521 poterunt
583 464 672 520 super
693 446 750 504 hoc
772 445 837 504 vice
861 444 945 523 signi.

115 533 254 594 Occurrit
276 534 366 594 calidi
388 535 456 610 plus
480 554 569 610 quam
592 535 640 593 lex
662 534 764 612 exigat
787 537 883 608 artus,

114 625 140 684 si
163 625 244 683 calor
267 626 321 683 aut
341 622 401 698 ira,
424 623 513 683 solito
536 624 604 699 plus
628 625 718 701 ignea
739 623 820 683 lucet

113 712 218 772 urinae
241 713 346 786 iacies,
369 713 487 771 vultum
509 712 600 771 rubor
622 714 762 788 occupat,
786 715 855 771 actu

44 822 97 863 1999
114 806 241 862 naturae
264 803 371 878 pulsus
393 802 508 861 veloces
531 801 669 878 implicat
690 801 769 860 ictus

114 894 144 951 et
166 893 268 951 fortes.
315 889 348 948 si
371 909 462 950 cause
484 891 557 948 mali
579 891 614 949 fit
637 909 721 964 cura,
744 890 873 964 labores,

114 981 285 1056 insompnes
309 981 424 1054 noctes,
447 979 593 1055 studium,
616 979 730 1039 furiosa
752 979 892 1038 voluntas

114 1069 146 1128 in
169 1089 319 1143 venerem,
342 1069 452 1128 macies
475 1070 577 1128 vultus
601 1069 762 1144 oculusque
786 1068 934 1144 sepultus,

115 1159 253 1218 deficiens
276 1159 385 1232 virtus,
408 1158 501 1217 facies
525 1159 646 1232 citi-ina,
668 1157 801 1217 remissis

44 1266 97 1308 roeo
114 1247 223 1307 ictibus
242 1248 353 1307 arteria
376 1247 513 1323 pulsans,
535 1246 659 1324 ignavia
680 1245 819 1304 membris

116 1337 273 1415 segnitiem
296 1354 455 1414 generans,
477 1335 573 1395 tardis
597 1335 767 1412 aspectibus
789 1335 906 1394 instans

116 1428 147 1484 et
168 1425 254 1503 piger
276 1425 314 1484 ad
336 1428 437 1484 motus
461 1425 576 1499 oculus,
601 1423 688 1500 quasi
709 1423 838 1500 pondere
861 1441 964 1498 presse

115 1513 260 1591 palpebra
282 1514 460 1591 dependens.
505 1514 633 1573 rutilans
657 1513 759 1573 effusio
782 1513 883 1571 firmat

116 1602 297 1680 ambiguum.
344 1603 377 1663 si
398 1603 582 1680 temporibus
606 1606 715 1662 natura
738 1602 871 1661 ciborum

44 1712 99 1752 1919
116 1710 222 1751 cauma
245 1692 326 1769 parit
347 1693 395 1752 vel
417 1692 489 1753 vina
512 1692 634 1752 modum
656 1695 844 1769 transgressa
866 1688 1000 1763 bibendi,

116 1783 281 1858 puncturae
304 1782 443 1841 stimulus
467 1801 540 1858 epar
562 1784 723 1860 aggravat,
747 1780 864 1840 aemula
887 1779 1023 1837 flammae

116 1871 283 1930 scintillans
306 1871 395 1928 urina
417 1870 518 1945 rubet,
541 1889 572 1929 se
596 1871 729 1930 sensibus
754 1869 840 1929 offert

116 1959 233 2018 effrenis
256 1978 310 2034 per
331 1960 464 2018 membre
487 1960 576 2019 calor.
623 1958 656 2017 Si
678 1977 767 2018 causa
789 1959 901 2016 doloris

116 2049 216 2123 passio
239 2048 275 2106 fit
296 2047 434 2121 membri,
458 2065 546 2107 sensu
567 2048 740 2107 moderante
763 2047 894 2106 docetur

43 2155 97 2196 1919
117 2134 276 2195 Offendens
300 2136 454 2194 lavacrum
477 2137 577 2213 signat
600 2137 677 2195 cutis
702 2155 807 2212 aspere
831 2136 906 2194 dura

189 2364 257 2412 1925
277 2374 331 2426 pro
353 2359 402 2413 boc
418 2375 499 2414 ccrcu
521 2362 612 2428 (quem
635 2360 705 2412 male
728 2360 793 2428 19991
815 2359 886 2412 Dar.
906 2359 946 2412 sic
966 2356 1130 2421 Occurrunt,

115 2446 202 2501 parce
228 2428 302 2484 calet
328 2447 428 2498 corpus
453 2434 514 2497 919.)
540 2431 556 2484 b
583 2431 670 2497 infert
696 2432 847 2498 acqualiter
873 2430 1048 2497 incipientem
1075 2429 1131 2494 (iu-

115 2503 164 2569 199
186 2519 211 2556 o.
230 2505 326 2568 1927),
347 2502 428 2556 babet
449 2509 540 2556 tamen
560 2508 630 2557 recte
653 2503 786 2570 poterunt
808 2519 833 2556 9.
856 2517 908 2569 seq.
931 2499 940 2572 11
968 2504 1035 2553 1997
1058 2500 1132 2552 199999

116 2591 140 2628 c.
165 2576 227 2640 (pro
252 2589 305 2641 quo
330 2573 445 2627 alterum
469 2572 597 2626 Occurrit
621 2588 707 2641 parce
730 2572 812 2625 cel’m
834 2573 879 2626 bic
899 2573 995 2639 possut
1017 2571 1046 2638 b)
1068 2576 1133 2638 post

116 2647 227 2700 9-1929
252 2644 329 2698 dedit
348 2645 397 2709 D„
416 2644 474 2698 scil.
496 2646 528 2698 in
552 2645 609 2698 cod.
632 2646 647 2698 b
669 2650 814 2712 ponuntur
838 2645 879 2697 cic
903 2643 952 2711 qui
976 2643 1044 2696 mibi
1067 2647 1132 2695 9991

116 2719 235 2770 91924.
256 2719 333 2770 1927.
354 2718 432 2769 1926.
452 2719 531 2770 1926,
552 2718 629 2770 1928.
650 2719 727 2770 1929.
748 2719 827 2780 1930,
845 2714 892 2768 scd
908 2714 984 2782 apted
1003 2713 1132 2767 1199919

117 2790 196 2840 1921.
215 2789 480 2854 receperamus).
499 2790 575 2841 1926.
596 2790 673 2842 1929.
694 2791 773 2841 1929.
794 2789 865 2841 1922
883 2787 926 2852 (r).
946 2783 1131 2855 1939111999

116 2859 161 2913 bic
183 2861 256 2926 (post
277 2859 398 2925 occupat
420 2859 485 2911 actu
507 2861 629 2924 91927)
647 2875 728 2912 ceree
750 2859 782 2911 de
801 2859 858 2911 1999
880 2872 930 2910 suo
948 2857 1049 2910 91919919
1067 2856 1131 2924 1991-

116 2935 163 2983 twr
180 2930 212 2982 iu
228 2931 246 2982 d
261 2928 425 2994 Occurrunt,
445 2929 521 2982 calor
535 2931 584 2995 (sic
598 2930 680 2996 Dor.)
694 2929 759 2997 plus
774 2944 859 2997 quam
875 2927 922 2981 lex
939 2927 1036 2996 exigat
1054 2928 1131 2979 artus

117 3002 262 3068 (utsupra
279 3003 390 3056 v.1925
409 3002 435 3067 b)
457 3000 467 3072 11
491 3004 560 3053 1934
579 3001 613 3065 cf.
634 2999 708 3054 oculi
727 2999 855 3064 concavi,
879 2997 1015 3068 palpebre
1033 2996 1131 3050 molles

117 3073 147 3124 et
164 3087 262 3140 graves
282 3071 318 3124 ad
337 3070 504 3124 movendum
525 3070 606 3124 tarde
621 3073 661 3125 Ic.
678 3071 798 3138 ((1926,
812 3075 845 3124 14
859 3096 886 3114 =
902 3070 964 3124 Gal.
980 3069 1018 3122 ad
1032 3069 1131 3123 Glauc.

118 3142 174 3208 XI,
189 3145 224 3196 12
242 3143 333 3211 Lips.)
351 3142 361 3214 11
381 3147 449 3197 1999
469 3142 573 3196 arteria
588 3143 603 3196 b
621 3141 630 3213 11
651 3147 719 3196 1936
734 3141 872 3210 segnicics
891 3140 934 3212 1211
954 3145 1021 3194 1931
1037 3137 1132 3192 oculos

118 3214 134 3268 b
151 3211 161 3282 Ι1
180 3217 249 3266 1939
269 3212 299 3267 si
314 3213 488 3281 temporibus
507 3215 535 3268 b:
555 3212 701 3282 speciebus
715 3215 745 3282 (1)
759 3214 779 3267 d
795 3213 805 3284 11
825 3218 892 3265 1941
912 3214 947 3278 cf.
967 3214 1007 3266 Io.
1027 3208 1132 3263 intelli-

118 3284 195 3353 gitur
217 3300 268 3353 pcr
293 3284 404 3338 urinam
429 3285 547 3338 nimium
573 3284 727 3339 coloratam
753 3285 782 3337 et
807 3283 931 3336 dolorem
958 3285 986 3336 91
1011 3280 1132 3335 calorem

118 3354 209 3423 epatis
233 3355 369 3424 (incendit
396 3356 562 3424 sanguinem
586 3355 679 3409 calore
702 3356 746 3408 sui
770 3356 798 3408 et
821 3354 952 3422 spiritum
974 3350 1132 3405 naturalem

118 3424 169 3494 qui
189 3441 257 3494 epar
275 3425 418 3480 inhabitat
436 3433 483 3482 eto.
504 3427 605 3494 Ocea.)
628 3425 637 3497 11
661 3431 730 3481 1949
750 3425 874 3479 effrenis:
894 3426 954 3548 ἵίο)
973 3425 1008 3478 bd
1029 3422 1033 3494 1
1063 3427 1132 3477 1944

117 3499 150 3550 fit
170 3496 198 3549 b:
217 3496 255 3550 sit
273 3499 379 3566 1191999
396 3514 420 3552 c.
432 3500 512 3567 1931)
529 3501 533 3567 Ι
550 3496 682 3551 membris
701 3498 717 3551 b
733 3500 777 3567 (ex
790 3494 897 3548 buboni
917 3512 950 3548 us
964 3497 1016 3563 Io.)
1040 3494 1043 3566 1
1063 3499 1132 3548 1949

118 3562 260 3623 lavacrum
280 3571 338 3639 (919)
357 3569 401 3635 od,
419 3575 452 3623 ut
469 3570 502 3623 dc
519 3586 562 3624 ur.
577 3572 648 3624 912
665 3575 712 3624 etc.
