2466 3848
509 194 676 249 VIATIOUS

89 346 217 406 exterius
241 347 336 405 fervet
358 345 531 422 lipparis,
555 346 626 403 dum
649 345 749 421 quatit
771 348 854 405 artus

89 437 217 495 interius
239 437 356 512 torpor,
380 454 468 510 quem
490 434 595 494 noxius
619 434 711 493 efficit
734 435 827 512 algor.

45 550 72 590 so
160 525 197 584 In
220 543 312 585 venas
335 525 456 603 gestans
479 542 602 583 causam
623 523 792 599 putredinis
814 524 922 582 humor

91 614 285 674 continuae
308 616 433 691 generat
454 613 614 672 metuende.
636 613 770 688 pericula
793 613 915 672 febris.

89 703 237 781 flegmatis
261 706 395 763 exortam
417 702 492 762 vitio
516 702 573 761 tibi
595 721 729 777 promere
752 706 878 778 possunt

89 794 185 852 maior
206 794 253 851 ter
275 793 354 852 senis
377 811 518 869 pressura
540 784 665 866 laboris,
687 791 720 849 in
744 791 824 850 boris

89 882 135 941 bis
157 882 251 941 ternis
274 882 429 941 moderata
452 880 545 957 quies
583 899 650 939 cum
673 880 821 958 flegmatis
844 881 919 940 horu

46 992 71 1033 es
89 971 194 1030 infima
217 970 362 1047 disponit,
386 990 453 1029 cum
477 971 528 1028 lux
552 970 676 1046 expulsa
699 969 758 1028 diei

89 1059 197 1119 incitat
220 1059 258 1118 cd
280 1078 420 1137 sompnos
444 1060 558 1134 oculos,
580 1060 724 1118 renovata
746 1061 906 1136 resurgunt

89 1150 158 1227 plus
181 1149 270 1208 solito
293 1148 383 1208 febris
406 1148 607 1222 incommode,
629 1148 728 1225 pellor
750 1147 909 1208 obumbrat

90 1257 144 1298 nec
167 1237 240 1298 sinit
262 1237 294 1296 in
317 1237 394 1298 facie
416 1238 566 1296 flammam
590 1237 715 1296 rutilare
738 1236 865 1296 ruboris.

90 1327 173 1386 haud
196 1328 283 1387 velox
305 1327 410 1404 pulsus
433 1345 500 1385 cum
523 1326 608 1386 molli
631 1326 751 1385 verbere
773 1330 876 1403 raptos

47 1437 73 1476 so
90 1416 202 1494 ingerit
224 1418 254 1475 et
276 1420 402 1476 renovet
423 1417 511 1475 ictus.
547 1417 636 1474 urina
658 1433 785 1492 superne

92 1506 238 1583 appositis
261 1505 398 1564 munibus
421 1506 497 1564 livet
518 1503 627 1564 citrinc
649 1505 747 1563 colore

91 1615 144 1672 per
166 1597 265 1653 totum
289 1596 393 1671 spissa.
429 1612 498 1653 raro
521 1593 578 1654 sibi
600 1595 709 1670 pocula
731 1594 829 1669 poscit

92 1683 241 1761 castigate
264 1683 342 1759 sitis,
366 1684 510 1742 animales
533 1682 650 1758 inpedit
673 1685 756 1742 actus

92 1773 254 1850 subrepens
278 1773 457 1850 quandoque
480 1774 597 1848 stupor,
620 1773 718 1831 lentus
742 1772 824 1830 calor
847 1773 930 1830 crtus

48 1878 73 1920 rs
91 1861 238 1936 incendit,
260 1865 364 1940 turget
385 1863 501 1937 vultus
525 1861 676 1921 succincta
700 1863 817 1938 quietos

91 1951 123 2010 in
146 1970 285 2028 sompnos
309 1951 389 2010 oculi
410 1951 557 2028 turgescit
578 1950 735 2025 palpebra,
759 1954 893 2009 ventrem

92 2040 236 2100 distendit
258 2041 407 2118 gravitas,
429 2057 538 2116 parcus
562 2038 647 2098 dolor
670 2041 818 2116 aggravat
840 2040 932 2096 artus.

92 2129 222 2189 crebrius
245 2130 323 2188 hanc
345 2129 461 2188 inducit
483 2127 598 2203 hiemps
623 2130 677 2186 sut
698 2128 807 2186 ultima
829 2126 942 2184 febrem

92 2371 108 2425 b
139 2304 232 2422 h2158
252 2298 375 2424 lippam
394 2300 422 2353 b:
441 2297 544 2367 liparia
562 2297 582 2351 d
602 2299 605 2367 t
627 2297 721 2365 quatit
738 2297 769 2351 d:
789 2297 846 2365 qrit
865 2298 880 2351 b
902 2295 912 2368 t)
935 2300 1004 2349 2159
1029 2295 1109 2364 algor

115 2391 120 2423 :
160 2386 240 2423 umor

164 2446 234 2495 2160
252 2443 326 2496 rubr.
346 2440 449 2509 Incipit
468 2440 504 2493 de
523 2439 664 2493 continuis
684 2441 712 2492 et
730 2439 822 2508 primo
841 2439 876 2493 de
896 2438 1053 2493 cottidiano
1074 2455 1109 2492 ex

92 2512 224 2582 flegmate
248 2511 258 2584 d
283 2519 353 2567 2162
377 2514 474 2566 exortis
496 2511 558 2566 vic-o
582 2512 610 2565 b:
635 2510 759 2564 exoritur
780 2511 853 2564 vitro
877 2510 896 2563 d
918 2512 951 2580 (?)
976 2513 981 2578 1
1003 2512 1055 2579 pr'rt
1079 2511 1108 2564 b:

91 2585 187 2652 posset
205 2584 231 2637 d.
264 2583 300 2649 cf.
315 2586 355 2637 Io.
371 2582 520 2638 Cotidiana
537 2582 671 2637 continua
689 2582 722 2635 fit
740 2581 775 2635 de
798 2581 929 2650 flegmate
950 2581 1108 2649 putrefacto

91 2655 168 2708 intre
186 2670 261 2707 voss.
300 2652 384 2708 Cuius
403 2655 485 2724 signu
503 2654 556 2708 hec
575 2656 648 2707 sunt.
675 2653 759 2706 urina
778 2652 844 2706 elba
868 2654 896 2706 et
919 2652 1018 2720 spisso.
1046 2651 1108 2720 pul-

93 2743 139 2780 sus
165 2725 266 2779 mollis.
302 2725 377 2779 lctus
406 2728 435 2778 et
461 2725 568 2779 tardus.
605 2727 633 2779 et
660 2723 808 2792 inequalis.
844 2724 912 2792 quic
940 2723 1108 2792 quandoque

92 2797 173 2851 fortis
199 2796 367 2866 quandoque
395 2795 504 2850 debilis.
540 2796 628 2850 facies
654 2795 766 2848 tumida
796 2796 825 2849 et
855 2793 1011 2849 subalbida.
1047 2795 1109 2848 sitis

92 2869 212 2923 modice.
241 2870 290 2922 cut
309 2867 395 2921 nullu.
422 2867 447 2919 X
466 2870 495 2921 et
508 2867 572 2921 VIII
592 2867 668 2920 horis
686 2866 774 2920 habet
792 2866 822 2919 in
842 2882 949 2919 summo
965 2865 1062 2920 labore
1081 2868 1109 2920 et

92 2940 131 2994 VI
149 2940 179 2992 in
197 2939 271 2994 false
291 2940 393 3008 quiete.
421 2939 453 2992 fit
471 2939 531 2992 sinc
549 2939 642 3007 rigore
661 2940 689 2991 et
708 2937 812 3007 frigore
831 2942 892 3006 (seq.
907 2939 985 3007 cura)
1006 2937 1016 3010 d
1039 2942 1108 2990 2163

93 3010 172 3064 seriis
189 3012 205 3065 b
221 3012 279 3080 (sed
294 3013 326 3065 s'n
343 3027 429 3080 marg.
448 3012 488 3078 ψ)
507 3010 517 3082 d
535 3015 604 3063 2166
624 3009 672 3062 lux
691 3010 719 3063 b:
738 3026 794 3063 nox
812 3009 831 3062 d
847 3008 857 3080 ΙΙ
876 3014 945 3062 2166
959 3008 1109 3077 resurgunt

93 3112 200 3185 (r’fgus)
224 3117 252 3170 b:
275 3132 422 3186 resurgens
444 3117 464 3171 d
487 3116 497 3188 d
523 3122 592 3170 2167
615 3093 707 3184 pclldr
730 3116 788 3183 (sic)
813 3116 828 3169 b
853 3114 856 3185 t
888 3119 958 3168 2168
981 3115 1046 3167 sunt
1064 3112 1107 3184 dt

93 3187 206 3241 flamma
224 3187 358 3242 rutilante
378 3190 397 3242 d
414 3187 424 3259 d
442 3193 511 3242 2169
530 3189 604 3242 tuuc
625 3204 732 3242 cusum
750 3202 801 3240 om.
821 3187 836 3240 b
865 3185 868 3256 t
891 3190 961 3238 2170
980 3185 1110 3253 ictusque

94 3259 157 3330 (iot9
176 3260 215 3329 (b)
235 3260 251 3313 b
273 3258 283 3330 d
306 3264 373 3312 2171
395 3258 533 3328 oppositis
552 3257 694 3311 munibus:
719 3258 753 3325 cf.
769 3261 876 3312 o2263
898 3256 908 3328 Η
931 3262 1000 3309 2172
1019 3255 1109 3324 possit

94 3349 110 3402 b
132 3346 142 3419 d
165 3353 235 3401 2173
255 3347 391 3402 snimeles
409 3349 439 3402 d:
465 3345 578 3402 cuneles
598 3347 656 3415 (sic)
676 3346 692 3400 b
712 3349 717 3415 Ι
737 3344 857 3413 impedit
880 3346 960 3398 octus
983 3345 1014 3398 d:
1037 3331 1108 3413 ipet‘

94 3421 171 3472 crtus
190 3420 214 3485 b,
234 3421 282 3488 qui
300 3435 350 3473 om.
365 3436 472 3474 coruom
485 3435 536 3486 seq.
552 3416 715 3488 (subrepens
729 3447 762 3456 -
778 3418 865 3482 artus)
884 3415 894 3487 d
912 3419 981 3468 2176
1001 3417 1109 3469 succits

94 3490 276 3632 fflgpiztos
295 3492 324 3546 b:
343 3489 438 3558 quiete
456 3491 476 3545 d
497 3489 507 3561 d
530 3493 599 3541 2177
613 3489 660 3559 pt⁹
674 3489 702 3542 b:
721 3487 799 3555 prius
818 3487 838 3540 d
857 3486 866 3558 Η
887 3491 956 3540 2178
975 3502 1074 3555 yemps
1093 3488 1109 3541 b
