2466 3848
137 194 180 257 22
587 190 701 245 EGIDII

136 343 224 417 potus
248 343 393 401 mentitur
416 359 497 401 acres
521 360 610 417 sapor
633 341 700 400 oris.
738 341 776 401 ad
798 341 891 401 ictum

137 430 241 490 debilis
265 433 296 490 et
318 430 424 506 durus,
447 431 604 490 succedens
628 430 744 506 crebro,
766 449 902 491 morosus

135 520 250 596 pulsus.
288 519 465 579 confirmant
487 518 610 578 dubium
633 519 761 595 fideique
784 519 957 580 ministrant

78 624 117 664 ico
136 609 304 686 ingressum
327 609 438 685 species
460 608 588 685 inspecti
611 608 767 686 temporis,
789 627 862 668 usus

136 698 217 758 ritae
240 700 408 772 consultus,
431 699 528 775 regio,
551 697 725 774 complexio.
761 717 853 774 penas

137 790 245 862 quarta
268 786 331 846 dies
353 785 480 863 replicat
502 787 599 864 magis
621 786 802 862 uberiusque
824 788 973 846 molestet.

207 875 336 951 Humor,
359 877 481 950 vermis,
505 895 599 952 aqua,
621 879 741 950 ventus,
765 895 902 950 verruca,
925 875 1049 935 nocivus

137 984 200 1038 aer,
224 967 382 1025 coniectae
405 965 519 1039 sordes,
543 965 679 1024 contusio
702 966 853 1024 laedunt

78 1069 117 1108 ees
137 1054 307 1113 auditum.
344 1055 371 1114 si
393 1072 484 1114 causa
507 1071 614 1113 nocens
638 1054 679 1113 sit
701 1054 808 1114 noxius
831 1055 939 1113 humor

136 1146 191 1202 aut
213 1163 276 1217 aer,
299 1147 417 1219 tempus
440 1144 534 1202 vitam
559 1145 746 1219 speciemque
769 1144 880 1202 doloris

137 1233 254 1291 urinam
277 1234 395 1291 vultum
418 1232 522 1308 pulsus
546 1251 638 1309 genus
663 1236 753 1308 atque
776 1233 903 1310 figuram

136 1321 268 1398 corporis
291 1321 441 1395 attendite,
466 1340 541 1397 quae
565 1322 760 1381 consistentia
782 1323 877 1398 prosit

137 1412 214 1469 aeris
238 1412 291 1469 aut
313 1412 427 1469 noceat.
465 1411 490 1468 si
513 1411 621 1470 vermis
645 1413 744 1470 motus
767 1411 798 1468 in
823 1430 907 1484 aure,

79 1513 117 1552 ⁵00
136 1498 285 1559 sensibilis
308 1500 410 1578 fragor
431 1499 596 1574 inmensus,
620 1499 802 1559 discursibus
826 1501 934 1575 amplis

136 1587 305 1647 errabundo
327 1590 424 1647 locum
449 1591 602 1664 permutat
619 1589 727 1664 passio.
765 1590 866 1666 signat

136 1678 304 1736 laedentem
326 1678 446 1736 laticem
469 1676 646 1752 praecedens
669 1677 801 1752 perfluus
823 1675 917 1735 imber

137 1767 243 1825 balnea
266 1766 314 1824 vel
338 1767 445 1842 capitis
461 1765 598 1838 ablutio,⁴
621 1767 721 1843 passio
744 1766 840 1824 maior·

135 1857 168 1912 in
190 1858 273 1913 motu
297 1854 404 1930 capitis
427 1854 476 1913 vel
499 1873 565 1912 cum
589 1855 728 1931 depressa
752 1854 890 1913 deorsum

79 1958 117 1998 555
136 1943 284 2002 submissa
307 1943 419 2003 cervice
445 1943 548 2003 dolens
572 1944 764 2018 suspenditur
787 1943 875 2002 auris.

136 2033 338 2109 pneumatosis
362 2035 435 2091 nota
457 2033 600 2105 tinnitus
623 2032 705 2092 dolet
726 2033 838 2092 inscius
861 2051 920 2089 uno

137 2125 215 2181 stare
239 2123 317 2195 loco,
340 2121 457 2181 validus
480 2121 594 2180 inmoto
618 2122 728 2181 vertice
752 2124 849 2180 motus

135 2211 270 2270 Interius.
308 2212 461 2270 stomacho
485 2211 645 2286 subrepens
669 2230 759 2270 causa
782 2210 912 2271 dolorem

137 2300 286 2376 sincopat,
308 2302 340 2357 in
364 2300 462 2375 capite
486 2300 609 2360 latitans
634 2302 750 2360 occasio
774 2319 880 2375 penam

79 2403 118 2442 cro
136 2390 300 2448 continuat.
337 2407 474 2461 verruca,
497 2390 560 2447 lues
585 2389 692 2448 limosa
715 2388 825 2447 doloris

136 2479 236 2536 nescia
259 2477 400 2536 diminuit
423 2477 557 2551 audItuS‚
581 2478 651 2536 huic
673 2478 729 2535 tibi
751 2477 806 2535 fiat

136 2586 171 2624 ex
194 2567 260 2625 visu
284 2566 444 2625 manifesta
466 2566 547 2626 fides.
585 2567 719 2626 contusio
742 2567 842 2625 fedam

136 2655 248 2714 emittit
270 2655 397 2730 saniem,
420 2656 568 2714 tumidum
592 2656 663 2714 dum
686 2655 824 2715 sublevat
847 2673 955 2712 aurem.

208 2793 259 2842 407
279 2789 376 2843 adictsr
396 2790 423 2842 b:
445 2789 556 2843 adulter
575 2807 601 2842 cn
624 2789 634 2860 {l
656 2794 708 2842 489
729 2789 875 2842 confirmat
948 2788 1091 2840 ministrat
1111 2788 1126 2840 b
1143 2784 1154 2856 15

137 2865 188 2913 400
208 2860 311 2930 tempis
329 2878 365 2927 m,
383 2862 441 2928 tprs
460 2861 476 2914 5
1036 2902 1037 2905 ¹

208 2936 259 2984 405
278 2932 353 2985 rubr.
373 2931 415 2985 De
442 2931 545 2985 doloris
568 2931 678 2984 aurium
698 2931 786 3000 signis
805 2933 833 2985 et
853 2930 945 2984 causis
965 2932 992 2996 5,
1017 2931 1052 2983 de
1071 2929 1153 2982 dimi-

137 3003 256 3057 nucIone
283 3005 324 3070 (cst
346 3002 436 3058 Gerasi.
457 3008 482 3070 2,
501 3007 527 3070 7)
554 3001 668 3056 auditus
693 3018 776 3056 cause
799 3001 863 3056 VIII
891 3018 955 3055 cum
981 3001 1068 3071 signis
1095 3018 1122 3053 m
1148 3000 1151 3068 j

137 3073 171 3128 H.
190 3089 266 3143 aqua
284 3075 383 3127 ventus
402 3073 504 3126 vermis
524 3076 539 3128 5
556 3075 566 3146 Η
585 3078 637 3127 404
656 3075 720 3127 iude
738 3075 773 3127 ab
792 3075 841 3128 boc
858 3089 938 3127 versu
956 3075 1034 3140 (494)
1057 3073 1089 3125 ia
1108 3088 1154 3125 ex-

137 3152 220 3200 tremo
242 3145 379 3199 uolumine
400 3161 454 3198 usu
477 3145 545 3199 odeo
568 3145 684 3199 55555555
706 3151 746 3199 est
768 3162 794 3198 m
816 3150 848 3198 ct
870 3145 929 3199 siue
951 3160 1000 3212 ope
1018 3143 1119 3197 codicia
1137 3143 1153 3196 b

137 3217 189 3287 topi
208 3217 318 3271 omuino
332 3232 388 3270 coc
403 3217 537 3284 potuisset
549 3240 551 3286 j
565 3217 696 3269 convecte
709 3234 748 3269 m:
769 3215 886 3270 collecte
900 3216 916 3269 b
929 3214 939 3286 ll
953 3219 1005 3268 500
1018 3212 1113 3266 imisis
1128 3214 1153 3281 b,
1182 3249 1186 3256 -

136 3305 200 3340 -sus
216 3289 248 3356 (0)
262 3305 290 3341 m
303 3286 314 3359 Η
327 3291 379 3340 500
393 3286 515 3355 pcedens
535 3288 563 3341 b:
581 3287 708 3360 pcedens
726 3303 754 3341 m
771 3286 782 3359 ll
799 3291 850 3340 cci
871 3286 998 3340 starem:
1019 3285 1093 3338 state
1110 3284 1127 3338 5
1140 3285 1155 3408 Μ

137 3362 189 3412 508
208 3358 360 3427 subrepens
374 3375 402 3411 m
416 3360 574 3426 (surrepens
593 3359 619 3425 5)
637 3357 647 3430 ll
665 3362 717 3411 510
737 3356 767 3410 Si
785 3373 849 3411 vero
869 3356 963 3424 alique
982 3354 1085 3409 cecidit
1104 3371 1141 3408 ou

137 3445 201 3483 coro
219 3428 360 3499 superfluo
373 3428 418 3482 vel
435 3444 560 3483 verruca.
594 3430 679 3497 atque
698 3427 792 3482 sordes
812 3429 847 3481 de
865 3425 1012 3494 superfluis
1030 3426 1154 3480 humori-

137 3500 189 3555 bus
213 3500 309 3554 insnnt
333 3502 401 3554 orte.
438 3501 469 3553 in
491 3500 643 3569 propatulo
663 3499 795 3554 videntur
813 3501 854 3553 Io.
868 3499 902 3552 de
920 3497 947 3552 S.
964 3499 996 3552 P.
1012 3497 1121 3566 (14137)
1144 3498 1155 3570 ll

127 3577 183 3622 511
202 3571 253 3624 hic
272 3573 290 3625 5
309 3573 365 3641 (ml
380 3571 480 3640 detrit.)
