2444 3848
515 213 683 269 VIATICUS

95 367 230 426 efficiunt
252 367 300 426 vel
322 385 400 443 quae
422 366 537 425 veneris
560 366 734 426 succendere
756 366 907 426 flammam
1013 393 1019 419 κ
1075 409 1080 415 -

97 459 188 532 atque
212 455 535 531 cupidineasypossunt
556 474 697 532 generare
721 454 859 532 sagittas,

167 544 307 603 Humano
331 546 434 622 generi
456 544 574 619 lapsum
597 545 729 603 minatur
752 544 863 604 amicos

30 648 78 690 [scs
97 634 219 694 affectus
242 635 358 693 veneris
382 635 436 692 aut
459 632 657 693 oblectamina
679 632 774 692 dulcis

97 724 272 801 extinguens
296 723 394 798 operis
418 722 682 798 aproximeron,
706 721 832 781 variatis

97 811 231 870 exoriens
255 814 360 870 causis.
398 830 469 869 nam
491 831 595 870 renum
617 811 805 871 mortificatis

96 900 227 960 motibus
250 901 363 960 insistit
385 901 483 978 algor,
506 901 555 959 vel
577 918 669 960 verna
691 900 829 959 minister

57 1019 62 1036 ι
98 989 255 1066 expediens
278 989 379 1048 veneri
400 988 534 1048 membra
556 990 668 1048 virtute
690 990 815 1049 remissa

30 1094 80 1134 raso
97 1078 198 1138 deficit
221 1078 324 1153 officii,
346 1078 395 1137 vel
417 1096 524 1137 causae
547 1078 711 1136 materialis
735 1115 737 1121 r

97 1169 279 1243 principium
303 1168 369 1226 dest
389 1166 561 1226 humiditas.
608 1166 641 1225 si
662 1168 770 1226 noxius
793 1166 879 1243 algor

98 1257 223 1330 efficiat,
245 1257 362 1331 pallens
385 1255 490 1328 facies,
514 1255 679 1330 complexio
703 1257 789 1332 signa

99 1345 276 1423 frigiditatis
299 1344 425 1419 habens,
447 1347 544 1418 aetas,
567 1344 656 1403 urina
678 1344 815 1417 remissa,

99 1433 241 1511 segnities
263 1436 376 1506 motus,
400 1432 497 1506 locus,
521 1436 574 1491 aut
596 1435 731 1509 inspecta
755 1432 855 1490 diaeta

29 1537 80 1578 roes
100 1525 276 1600 argumenta
299 1521 414 1581 dabunt
435 1521 513 1580 fidei.
550 1523 576 1580 si
599 1523 722 1598 spiritus
747 1521 851 1581 absens

100 1611 248 1670 defectum
270 1610 375 1685 faciat,
398 1612 493 1670 virtus
518 1611 647 1685 defecta,
670 1610 782 1670 laboris

99 1700 292 1777 praeveniens
316 1700 451 1778 gravitas
473 1700 628 1761 hominum
652 1702 794 1759 consueta
816 1699 951 1776 vigorem

100 1788 286 1864 abbreviare,
310 1789 372 1848 dies
395 1790 577 1867 prolongans
600 1789 700 1866 passio
723 1790 829 1866 longa,

98 1880 171 1938 haec
194 1878 251 1936 tibi
273 1877 443 1955 signabunt.
476 1878 503 1937 si
525 1897 615 1938 causa
638 1878 678 1937 sit
699 1877 888 1936 humiditatis

30 1981 81 2021 roeo
100 1967 246 2041 defectus,
269 1966 326 2025 tibi
348 1985 394 2026 ras
418 1967 512 2044 signis
537 1967 669 2044 signabit
691 1967 816 2040 eisdem,

98 2057 220 2132 insuper
243 2074 275 2115 os
298 2056 371 2131 pelli
394 2056 576 2131 consumptis
601 2055 741 2115 carnibus
763 2056 875 2113 haeret.

171 2145 244 2203 Tres
268 2145 403 2219 spasmi
425 2144 537 2221 species
560 2145 669 2220 triplex
693 2144 746 2202 dat
768 2161 871 2217 causa,
894 2146 1033 2201 recurvat

100 2252 178 2310 quae
201 2252 271 2309 pars
294 2234 426 2292 antemor
449 2234 539 2309 caput
562 2236 815 2309 emprostotouus‚
840 2233 921 2291 astra

101 2324 288 2381 dinumerare
311 2322 385 2381 facit
408 2322 595 2398 epistotonus
619 2342 669 2381 ore
693 2322 800 2398 supino

30 2423 81 2465 aas
101 2411 261 2487 disponens
284 2429 417 2488 gressus,
441 2411 559 2486 aequali
582 2412 666 2470 lance
690 2414 827 2470 coartans

102 2500 233 2576 corporis
256 2503 414 2575 utramque
437 2503 553 2575 partem
577 2503 696 2559 tetanus
720 2503 808 2560 nocet
831 2501 921 2575 atque

102 2589 242 2647 inflexum
265 2588 455 2665 rigidumque
480 2589 566 2648 docet
588 2590 747 2648 consistere
770 2607 886 2664 corpus.

175 2799 244 2846 1573
264 2793 429 2861 cupidineas
448 2811 481 2848 ccc
503 2794 600 2849 Ocidc’c
619 2797 661 2848 ait
679 2795 762 2864 Epic.

176 2871 245 2918 1574
263 2866 338 2919 rubr.
365 2863 407 2918 De
435 2881 658 2933 approxymeron
685 2865 776 2919 causis
805 2865 892 2934 signis
921 2864 1068 2933 speciebus
1093 2866 1117 2918 b.

102 2938 185 2990 baius
207 2953 311 3005 quoque
333 2937 420 2990 morbi
442 2953 540 2991 acmen
563 2938 632 3002 (scil.
652 2939 774 3005 apraac'a
796 2938 914 3003 morico)
938 2953 972 2990 aa
990 2937 1118 2990 Aurelio-

104 3008 168 3059 Esc.
183 3008 260 3075 apud
280 3007 347 3062 Gar.
362 3011 389 3073 3,
403 3013 439 3062 70
457 3008 542 3074 (cade
556 3008 650 3075 Sim),
673 3025 748 3062 acccc
766 3014 857 3062 autem
875 3024 932 3062 aaa
949 3014 1024 3061 cetat
1042 3007 1118 3074 apud

104 3077 177 3132 Occi.
195 3078 265 3132 Aac.
287 3095 315 3146 p.
333 3083 394 3133 570.
414 3082 467 3132 575
490 3080 636 3146 (Ammon)
662 3078 671 3150 Η
697 3084 766 3132 1578
786 3094 873 3132 verna
896 3079 1036 3131 minister:
1059 3080 1117 3132 scil.

103 3149 219 3216 spiritus
237 3149 336 3216 (Plat.)
356 3151 390 3216 cf.
405 3167 429 3204 o.
440 3153 494 3204 986
512 3149 522 3221 tt
541 3155 608 3203 1581
629 3150 708 3203 deest
727 3151 743 3204 b
763 3152 790 3220 (ὁ.
806 3167 826 3203 c.
843 3149 905 3203 dest
919 3152 1032 3217 poetice)

177 3224 245 3271 1592
269 3221 343 3274 rubr.
368 3220 409 3274 De
433 3221 537 3288 spasmi
561 3222 653 3274 causis
678 3221 765 3291 signis
789 3225 818 3274 et
841 3219 987 3288 speciebus
1011 3221 1033 3273 b.
1074 3219 1118 3274 De

104 3306 212 3357 spasmo
239 3291 281 3344 aab
312 3292 389 3359 apud
416 3293 489 3345 Plat.
518 3295 615 3360 (acque
642 3295 674 3346 ia
702 3293 731 3347 Ο.
755 3293 782 3348 S.
800 3293 901 3358 Vrat),
933 3291 981 3345 scd
1012 3292 1119 3359 supplet

105 3362 225 3416 Icaaacs
242 3367 306 3430 post
327 3364 474 3432 paralysin
497 3380 530 3416 ccc
550 3363 618 3419 Gar.
638 3363 766 3430 (Tbacd.)
788 3366 845 3429 5,1
869 3371 894 3416 ct
912 3363 1009 3429 (Aac.)
1029 3366 1086 3427 c,2
1110 3361 1119 3433 Η

107 3436 175 3485 1593
194 3434 430 3500 emproatotonus:
451 3446 469 3505 3
489 3437 553 3502 (pcc
572 3439 598 3503 5)
616 3436 768 3506 ptostenus
787 3435 802 3487 b
822 3433 1073 3501 (emprotoeton‘xe'x
1087 3471 1094 3479 ,
1106 3468 1131 3478 s.

44 3520 54 3526 ·
105 3502 314 3629 errppitpptpnici
335 3505 375 3631 Ibo.
391 3504 448 3559 cod.
463 3506 568 3576 Anapi.)
589 3503 606 3580 b
624 3510 701 3560 ibba
723 3505 925 3573 epistotonne:
947 3491 1167 3560 epitomem&

103 3580 173 3628 156
223 3590 324 3630 cauus

141 3681 257 3724 Euwws
269 3685 306 3727 ed
317 3687 403 3730 Rosa.
1013 3663 1038 3706 b
