2466 3848
133 228 174 293 16
580 219 694 273 EGIDII

130 376 265 452 proferat
286 391 417 432 examen.
454 371 575 448 plenam
597 371 763 446 complexio
786 373 909 447 quaevis

131 465 185 524 dot
207 482 295 540 super
316 462 373 520 hoo
396 459 533 520 oonsultn
555 458 652 518 fidem.
688 478 836 538 praesaga
859 463 1012 524 minantur

130 554 207 611 talis
228 551 316 630 signu
337 549 464 624 malum,
487 549 596 624 ospitis
618 549 750 626 vertigo,
772 549 942 626 frequenter

131 642 265 720 caligans
289 639 406 712 oculus,
429 637 525 698 omnis
548 636 656 696 diffusa
677 657 732 714 per
754 641 837 698 artus

74 751 113 790 seo
131 729 285 808 segnities,
307 730 427 806 praeter
449 727 570 786 solitum
593 728 699 786 mortis
722 726 889 786 simnlmrix

131 819 274 892 simois,
297 818 430 878 occultos
454 835 531 892 queo
554 815 651 875 cordis
674 816 811 891 sincoput
833 820 926 878 nobis.

201 907 257 966 His
281 907 376 966 oleret
398 905 493 984 signis
516 905 626 980 duplex
648 922 751 964 suoru
773 906 904 980 passio.
942 909 1057 968 maior

131 997 270 1073 stirpitus
294 995 443 1073 extinguit
464 1012 568 1053 sensus
590 996 748 1069 motusque
770 1014 825 1070 per
849 998 932 1056 artus

130 1086 299 1145 mortificat.
336 1103 422 1143 nurus
446 1083 572 1155 olfactu,
594 1084 710 1142 lumina
732 1084 812 1157 visu,

74 1197 113 1235 sss
131 1177 221 1252 gustu
244 1174 364 1252 lingue,
387 1192 494 1231 manus
517 1174 615 1246 tactu,
637 1172 791 1230 vocalibus
814 1175 894 1232 umis

131 1268 177 1324 est
199 1264 318 1340 privuts
341 1263 429 1322 sonis.
466 1281 537 1320 nam
559 1262 671 1338 primos
693 1262 799 1321 noxius
822 1263 929 1320 humor

131 1353 312 1413 ventriculos
335 1350 449 1412 cerebri
470 1369 592 1426 prorsus
614 1351 719 1427 replet
755 1352 872 1410 ultera
893 1352 987 1410 laedit

131 1443 251 1520 parcius
274 1462 308 1501 ex
331 1443 417 1518 purte
440 1442 565 1498 naturae
588 1459 712 1498 munera
735 1458 839 1499 sensus

131 1532 312 1605 diminuens,
336 1548 411 1607 quos
435 1548 494 1587 non
517 1549 553 1587 ex
574 1531 639 1587 toto
662 1529 831 1604 supprimit
869 1531 949 1588 auris

74 1642 113 1680 sss
131 1641 231 1695 voees,
253 1639 300 1679 res
323 1620 430 1695 lingna
452 1618 586 1693 sapidus,
608 1617 750 1692 visusque
773 1618 905 1677 colorum

131 1713 268 1784 naturas,
291 1707 445 1784 palpanda
466 1725 586 1779 manus,
610 1706 778 1783 fragrantia
801 1726 887 1765 nares

131 1799 304 1857 discernunt
326 1814 513 1873 quocumque
536 1795 633 1853 modo.
670 1794 720 1854 sed
744 1797 833 1854 noxis
856 1815 945 1855 eausa

130 1890 161 1945 in
186 1886 283 1946 tribus
306 1888 352 1945 est
375 1887 516 1945 contenta
538 1884 625 1959 locis,
647 1888 682 1942 ut
705 1884 795 1944 duest
816 1886 849 1943 in
872 1888 972 1944 aetum

131 1981 190 2035 tres
214 1975 311 2034 morbi
333 1974 454 2051 species.
491 1993 560 2032 num
584 1975 694 2033 vertice
718 1974 820 2033 clausu
842 1978 977 2034 moratur

73 2085 112 2124 sss
130 2067 269 2125 materies
294 2065 470 2142 quandoque
494 2065 580 2140 muli,
603 2064 652 2123 vel
675 2064 780 2123 noxius
802 2064 910 2123 humor

129 2156 161 2214 in
184 2155 337 2215 stomacho
360 2155 477 2228 latitat,
502 2154 549 2212 vel
573 2172 664 2213 eausa
687 2153 794 2212 nociva
815 2157 937 2212 remotis

130 2245 266 2320 partibus
289 2243 444 2322 ingeritur.
482 2246 512 2300 et
534 2242 614 2300 trinu
637 2261 708 2301 voce
732 2245 854 2301 notetur

130 2334 203 2391 haee
225 2332 335 2409 triplex
359 2332 480 2407 species.
522 2330 631 2406 quibus
654 2333 700 2389 est
721 2330 753 2388 in
776 2332 886 2390 vertice
909 2332 1012 2390 oluusa

130 2440 220 2480 eausa
241 2422 327 2494 muli,
350 2422 441 2495 eaput
463 2420 509 2478 his
533 2419 667 2496 gravitas
691 2423 810 2478 assueta
832 2419 972 2478 molestet

74 2528 113 2566 sso
130 2512 161 2569 et
183 2510 278 2569 maior
301 2527 403 2568 sensns
427 2512 509 2567 tonet
531 2506 713 2584 inperfectio.
751 2526 851 2566 nasum

202 2721 252 2768 337
273 2715 323 2768 dut
341 2717 368 2768 b:
388 2715 435 2768 hio
454 2733 480 2767 m
498 2715 508 2784 ΑΙ
526 2719 576 2767 341
598 2714 720 2782 sincopis
736 2717 780 2782 (m,
800 2714 930 2780 syncopis
945 2714 972 2776 b)
990 2720 1021 2766 ut
1042 2730 1145 2781 semper

129 2787 217 2840 rnedbo
236 2803 302 2841 aevo
320 2787 368 2854 (of.
383 2787 448 2841 Sim.
467 2802 488 2839 s.
503 2789 541 2853 o.)

202 2880 253 2928 343
272 2876 346 2929 rubr
362 2874 449 2943 Signo
463 2877 492 2928 et
509 2890 591 2928 osone
605 2874 720 2927 maioris
735 2873 870 2942 epilepsie
884 2874 909 2939 b,
929 2872 1016 2942 Signo
1029 2870 1144 2925 maioris

131 2946 265 3014 epilensie
283 2945 335 2998 VII
353 2964 381 2999 m
395 2949 400 3014 Ι
416 2945 479 2998 Hiis
497 2947 541 3000 mb
560 2945 570 3016 t>
588 2950 641 2999 343
660 2945 795 3014 strepitus
810 2947 868 3014 (sic)
888 2944 903 2997 b
922 2945 931 3015 Η
950 2949 1002 2998 344
1017 2941 1094 2998 offois
1105 2944 1121 2997 b
1134 2943 1145 3015 Η

132 3022 183 3071 343
202 3017 277 3070 suris
296 3034 335 3070 m:
360 3033 441 3070 sures
461 3018 476 3071 b
499 3017 502 3089 t
532 3021 583 3071 346
606 3017 712 3085 primos
731 3016 759 3069 b:
782 3016 890 3085 primus
912 3034 940 3070 m
961 3015 971 3087 11
994 3020 1045 3069 343
1068 3016 1143 3070 rubr.

131 3088 266 3157 epilensie
280 3088 362 3156 signo
375 3087 492 3142 minoris
541 3088 592 3142 Im
604 3092 664 3156 (om.
675 3089 703 3151 b)
711 3087 721 3160 lt
731 3093 782 3141 343
797 3105 831 3143 ex
844 3088 938 3156 porte:
954 3089 983 3141 et
996 3087 1057 3158 poit
1071 3089 1144 3156 (par-

131 3160 180 3227 oit)
199 3161 250 3214 mb.
287 3160 322 3225 of.
337 3161 377 3212 Io.
393 3175 427 3212 ex
444 3161 505 3213 toto
524 3176 580 3213 non
598 3160 725 3214 sentiunt
743 3162 814 3228 (opp.
830 3175 864 3213 eo
881 3162 962 3228 purte
981 3160 1117 3222 sentiunt)
1136 3160 1145 3217 ιΙ

131 3235 182 3283 349
202 3231 278 3283 suris
295 3248 334 3284 m:
355 3245 436 3284 aures
454 3231 469 3284 b
486 3233 490 3298 Ι
505 3232 580 3286 rubr.
600 3231 747 3285 unslensiu
764 3232 796 3285 in
814 3248 900 3302 morp.
919 3250 946 3286 m
966 3232 975 3303 Η
998 3235 1050 3285 330
1069 3231 1143 3285 rubr.

131 3299 341 3370 Cuthslempsiu
358 3302 390 3355 is
403 3318 489 3372 mara.
504 3321 531 3357 m
548 3302 559 3374 u
577 3308 626 3356 331
647 3302 792 3372 palpanda
809 3321 849 3357 m:
868 3304 921 3357 -do
941 3304 956 3357 b
974 3304 983 3373 Ιξ
1002 3308 1054 3357 334
1069 3303 1144 3356 rubr.

131 3371 268 3438 epilensie
289 3372 422 3444 3131355
445 3374 520 3427 rubr.
543 3375 563 3428 i.
586 3392 621 3428 m.
645 3374 790 3428 snalensiu
813 3374 872 3501 md!
894 3380 946 3429 336
968 3375 1044 3429 rubr.
1067 3376 1085 3428 i.
1109 3392 1143 3428 m.

117 3441 303 3496 eathslensis
320 3461 348 3498 m
366 3443 382 3516 ))
402 3448 456 3498 338
474 3446 548 3501 mbr.
569 3445 657 3516 Signo
675 3445 810 3515 epilensie
828 3447 841 3500 I

104 3508 283 3569 0⁸Pudh1'1‘s
301 3532 342 3568 m:
362 3515 472 3586 ospitis
492 3519 594 3591 (cupii)
614 3519 631 3576 b
652 3522 658 3592 ι
678 3520 779 3574 ssuetu
797 3536 826 3574 ro
843 3519 890 3589 tuf.
904 3521 967 3586 4425
985 3519 1004 3587 tx¹
1016 3523 1071 3571 333
1088 3535 1112 3570 s.
1123 3518 1147 3568 t.

85 3582 132 3619 m:
151 3574 238 3629 tenet
254 3597 362 3641 sensus
383 3590 401 3644 b
415 3592 424 3659 l
440 3608 545 3648 casum
567 3613 606 3651 m:
629 3611 751 3650 oausam
768 3595 856 3664 to'snm
872 3592 892 3644 3

885 3465 912 3501 m
931 3449 992 3515 (om.
1011 3448 1038 3516 3)
1060 3445 1070 3518 Η
1093 3450 1144 3500 339

27 3788 133 3812 Α
