2466 3848
134 167 176 232 56
583 164 697 219 551511

134 314 309 390 incendens,
332 333 472 374 succensa
494 316 608 374 micans
632 315 727 375 urina.
764 318 889 376 notatur

133 403 244 464 indicio
267 403 361 464 simili
384 404 498 464 colerae
521 403 630 463 rubeae
653 404 834 464 dominantis

133 491 255 553 ubertas
277 494 430 570 nimiaque
453 493 506 553 siti
527 493 680 569 macieque
704 511 857 570 suprema,

134 601 222 641 exoso
245 584 336 660 gustu
358 582 479 659 linguae
502 583 670 659 capitisque
693 583 808 657 dolore,

64 670 215 730 arcearis
238 671 365 745 tinnitu,
388 671 483 750 pigris
506 670 659 730 affectibus
683 689 780 746 escae,

135 761 243 838 egestis
267 761 382 820 colerae
405 761 525 838 signum
548 760 737 835 portantibus
762 762 854 838 atque

135 849 284 908 consimili
307 849 431 909 vomitu.
468 850 495 908 si
517 867 608 926 porus
631 850 714 909 cistis
739 869 873 910 amaram

134 937 340 997 transmittens
365 939 494 997 coleram
516 939 669 998 stomacho
694 939 922 1017 constringitur,
944 939 1006 996 ima

134 1026 202 1103 plus
225 1029 258 1086 in
281 1030 366 1103 parte
391 1028 474 1087 sedet
497 1028 578 1087 color
600 1029 735 1088 aemulus
760 1030 790 1087 et
812 1027 957 1088 nichilum
979 1030 1052 1086 tunc

65 1118 189 1175 15555111
210 1116 360 1176 modicum
384 1115 483 1194 capiet
505 1135 575 1193 pars
599 1118 682 1194 aegri
706 1117 838 1194 corporis
863 1117 940 1176 altas

135 1206 256 1265 verticis
281 1205 431 1284 attingens
454 1207 570 1282 partae,
594 1207 706 1284 egestio
731 1207 830 1282 chymi

136 1295 223 1372 signa
245 1295 331 1372 gerit.
368 1295 451 1355 cistis
475 1295 554 1355 fellis
578 1296 605 1355 si
628 1294 778 1354 clauditur
801 1295 877 1353 alter

136 1402 226 1459 porus
251 1402 310 1460 quo
334 1384 432 1443 colera
454 1385 533 1460 petit
553 1384 712 1459 intestina,
737 1403 876 1461 suprema

136 1472 205 1548 plus
228 1474 340 1532 infecto
363 1475 448 1550 patet
470 1492 540 1550 pars
565 1473 697 1549 eorporis
721 1474 862 1533 inferiore

66 1577 118 1616 1555
136 1563 167 1620 51
189 1562 315 1621 nimium
337 1563 525 1622 stomachum
549 1563 708 1621 conturbat
730 1581 842 1622 nausea
866 1562 1005 1637 chymum

137 1651 284 1710 laesivum
306 1653 456 1729 retegens,
479 1652 572 1710 siccat
594 1652 660 1711 sitis
684 1650 769 1710 arida
792 1653 904 1725 fauces,

138 1758 219 1800 escas
244 1738 362 1799 fastidit
384 1743 508 1814 natura,
532 1739 643 1799 doloris
667 1759 791 1799 acumen

136 1829 262 1888 interius
285 1829 408 1907 pungit,
432 1829 568 1904 queritur
590 1828 702 1889 maiore
726 1829 827 1888 dolore

136 1919 258 1976 verticis
281 1919 413 1976 anterior
435 1937 519 1994 pars,
542 1917 679 1996 linguam
702 1920 810 1996 gustus
834 1935 954 1975 amarus

66 2020 118 2060 1555
137 2006 270 2067 offendit.
307 2007 358 2066 sed
380 2007 412 2065 in
435 2008 482 2066 his
506 2026 566 2067 non
590 2009 636 2067 est
658 2008 780 2066 incensa
799 2005 915 2065 duobus

137 2096 256 2156 casibus
280 2098 382 2171 urina,
407 2116 484 2173 quae
507 2097 685 2156 confiteatur
709 2115 834 2155 acumen

138 2185 293 2246 caumatis.
331 2186 509 2244 exhaustum
532 2187 613 2245 virus
637 2186 663 2245 si
687 2204 778 2245 causa
801 2185 843 2244 sit
865 2183 954 2242 huius

138 2293 224 2335 casus
248 2278 279 2333 et
300 2293 418 2334 morsus
442 2274 491 2334 151
513 2276 636 2350 punctio
659 2275 794 2351 reptilis,
817 2274 902 2351 aegri

137 2363 248 2423 indicio
271 2363 384 2439 poteris
407 2362 479 2422 fidei
501 2363 636 2423 stabilire
658 2366 802 2422 tenorem.

68 2467 119 2505 18⁶0
138 2454 165 2512 si
187 2471 277 2529 porus
302 2452 412 2528 splenis
437 2451 592 2512 obstrusus
616 2471 707 2512 causa
731 2453 771 2510 sit
794 2453 877 2511 artus

137 2542 256 2618 infecti,
278 2543 366 2602 laeva
389 2543 523 2620 gravitas
547 2544 579 2600 in
603 2544 688 2619 parte
711 2541 838 2601 locatur.

210 2631 404 2691 Pneumatosi
428 2632 534 2708 chymo
559 2630 672 2707 duplici
695 2631 744 2689 151
767 2632 906 2706 apostase
930 2626 1069 2703 splenis

138 2723 236 2779 terrea
259 2722 402 2798 nigrescit
425 2720 608 2795 substantia,
632 2739 700 2779 cum
723 2722 825 2779 tumor
847 2718 939 2777 istum

139 2809 235 2888 erigit.
274 2810 431 2869 obscurum
455 2809 480 2868 si
503 2810 635 2885 splenem
659 2811 774 2868 terreus
797 2809 905 2866 humor

212 2967 281 3015 1340
301 2961 449 3016 affectibus
473 2963 497 3015 b.
534 2961 569 3027 cf.
586 2965 657 3016 1404
680 2960 690 3032 l}
715 2965 783 3014 1342
805 2959 896 3013 cistis:
923 2957 1000 3011 sistis
1023 2958 1039 3010 b
1061 2956 1071 3026 Η
1095 2959 1164 3009 1343

140 3034 180 3087 lto
207 3034 223 3088 b
254 3033 257 3101 1
283 3038 353 3087 1344
378 3032 515 3087 nichilum
542 3033 600 3102 (sic)
625 3033 641 3087 b
665 3031 676 3103 ΙΙ
702 3037 769 3085 1341
798 3030 883 3084 alter:
911 3028 971 3083 altri
998 3030 1016 3082 b
1038 3027 1166 3096 (inferior

141 3106 225 3172 Pras.)
255 3106 258 3176 l
282 3109 350 3159 1349
374 3104 507 3158 inferiore
531 3105 547 3158 b
568 3103 579 3175 ll
603 3108 670 3157 1337
690 3102 725 3168 cf.
743 3104 801 3156 Io:
827 3099 973 3170 Contingit
996 3114 1107 3168 quoque
1131 3114 1166 3152 ex

141 3176 240 3231 calidis
264 3176 335 3230 cibis
359 3178 388 3231 et
410 3174 533 3244 potibus.
570 3174 615 3229 151
638 3190 778 3229 venenosa
803 3170 920 3241 potione
937 3172 983 3226 151
1001 3185 1096 3224 morsu
1114 3169 1167 3222 ali-

141 3248 221 3302 cuius
250 3247 360 3316 reptilis
388 3245 463 3314 quod
492 3245 678 3314 perpenditur
706 3244 816 3298 indicio
843 3242 1018 3311 pacientium
1044 3241 1087 3309 (dc
1112 3257 1167 3310 quo

136 3319 212 3372 nihil
224 3320 311 3386 Plat.)
329 3317 340 3390 ΙΙ
359 3321 428 3372 laec
447 3318 480 3371 de
497 3318 590 3386 splene
607 3317 679 3371 557511
697 3318 739 3371 Io.
757 3321 783 3370 ct
795 3314 881 3381 Pras,
898 3315 946 3369 sed
962 3313 1030 3369 Gor.
1047 3312 1166 3380 (Escol.)

121 3388 149 3444 o]
166 3391 213 3502 tlte?
231 3388 382 3455 aliquanti
402 3388 516 3444 icterici
539 3388 609 3443 iacti
636 3390 702 3442 sunt
730 3403 764 3440 ex
790 3385 888 3454 splene
914 3387 943 3440 et
968 3384 1111 3438 stomacho
1137 3385 1168 3437 et

109 3462 164 3500 ran
195 3469 213 3504 θ

170 3524 253 3576 1362
270 3530 352 3586 rubr.
374 3531 552 3604 splenetice
578 3535 696 3609 speeies
715 3548 804 3590 cause
822 3528 915 3601 signis
929 3525 1101 3597 patetuntl)
