2466 3848
567 191 735 247 VIATIGUS

148 341 279 400 laeditur
303 341 432 400 olfactus
455 361 509 401 neo
532 342 637 401 flatum
656 343 779 421 turgida
801 343 882 401 naris

149 429 225 488 aeris
249 429 396 505 admittit,
420 431 472 491 sed
493 431 606 492 hiantis
630 433 745 508 perlicit
768 433 826 490 oris

148 518 280 577 officium
304 538 380 596 quae
402 539 463 578 non
486 521 636 595 complent
658 522 823 597 spiramina
846 539 946 596 nares,

90 621 130 660 ⁶²⁰
148 611 178 667 et
200 607 281 667 naris
304 609 414 667 delicta
436 609 564 668 vicarius
588 609 647 669 oris
670 610 771 669 hiatus

147 697 295 756 defectum
318 699 460 774 supplens
483 698 611 757 redimit.
648 699 728 775 pluit
750 698 843 757 imbre
867 699 1018 776 frequenti

146 788 178 843 in
201 788 340 846 lacrimas
363 787 481 846 stillans
505 788 621 862 oculus,
644 788 834 847 sinthomatis
857 788 946 846 index

147 875 251 934 crebra
272 894 395 936 movens
419 876 570 935 cerebrum
592 877 627 934 fit
650 878 841 951 sternutatio,
865 877 947 936 stilla

146 964 268 1023 naribus
293 967 413 1024 emanat
435 965 534 1024 laticis
558 983 634 1041 quae
657 966 777 1042 limpidi
800 967 860 1025 oris

88 1064 128 1104 646
147 1054 266 1113 aemula
289 1053 445 1113 continuat
467 1054 572 1113 subtili
593 1057 726 1115 reumate
748 1055 869 1113 fluxum.

149 1141 181 1200 Si
204 1144 286 1201 calor
307 1144 339 1201 in
363 1161 454 1202 causa
476 1145 534 1218 est,
557 1143 645 1202 rubet
668 1162 714 1219 os,
738 1144 819 1202 color
842 1145 976 1204 aemulus
1001 1146 1068 1202 auri

147 1232 252 1290 urinae
275 1233 381 1291 rutilat
405 1251 494 1308 quam
518 1252 613 1310 grana
635 1233 753 1292 minuta
776 1234 923 1307 colorant,

148 1322 244 1379 exurit
266 1340 352 1380 nares
377 1341 471 1397 vapor
492 1323 598 1399 igneus
622 1325 713 1398 atque
736 1325 860 1382 nocivus

148 1410 300 1488 egrediens
322 1410 430 1469 humor
451 1411 599 1488 pungenti
621 1413 756 1470 caumate
780 1430 899 1470 carnem

89 1510 129 1548 ⁶³⁰
147 1502 285 1559 excoriat.
323 1518 411 1575 super
433 1501 489 1558 hoo
512 1499 634 1558 dubium
657 1500 840 1577 proscribere
863 1502 989 1576 possunt

146 1591 283 1664 tempora
306 1589 368 1648 rita
391 1588 473 1648 locus
497 1589 670 1664 complexio.
707 1589 828 1667 sanguis
851 1588 1025 1648 habundans

147 1696 220 1736 vasa
242 1680 357 1736 tumere
380 1679 467 1752 facit,
491 1678 591 1738 oeulos
615 1679 721 1738 ardore
743 1678 861 1738 ruboris

147 1766 293 1840 infundit,
317 1767 454 1844 linguam
477 1767 572 1826 reficit
595 1766 725 1826 dulcore.
761 1767 916 1826 rubentem

146 1855 308 1932 inpinguat
329 1856 452 1934 sanguis
474 1858 601 1931 faecem,
624 1858 773 1935 succingit
796 1858 833 1915 ad
856 1857 951 1916 ictum

89 1955 129 1994 665
148 1945 287 2003 arteriam
309 1945 437 2003 mollem.
475 1946 553 2019 sitis,
576 1965 662 2004 arens
684 1946 801 2020 vultus,
824 1965 959 2004 amarum

148 2051 194 2106 os,
216 2033 314 2092 tenuis
337 2035 405 2092 faex
427 2033 516 2111 ignea
540 2034 707 2111 sanguinis,
732 2035 851 2112 inpiger
872 2036 948 2093 ictus

147 2122 274 2181 arteriae
297 2122 389 2181 durae
413 2123 542 2180 coleram
566 2125 678 2182 saevire
702 2123 844 2181 fatentur.

148 2209 181 2269 Si
203 2211 355 2270 cerebrum
379 2211 468 2270 molle
491 2211 670 2290 constringit
692 2212 798 2270 noxius
822 2212 907 2288 algor

148 2319 284 2375 coryzam
307 2318 466 2377 generans,
488 2300 593 2375 facies,
616 2302 705 2358 urina
727 2302 844 2359 minute

88 2399 129 2438 ⁶4⁰
148 2407 265 2448 sursum
288 2408 383 2467 grana
405 2390 501 2449 ferens
525 2393 571 2449 est
593 2389 735 2462 discolor,
758 2388 821 2447 edit
842 2390 985 2448 inermem

149 2480 277 2538 arteriae
300 2481 400 2538 motus
423 2480 557 2555 pulsum,
582 2479 635 2555 qui
658 2479 762 2538 defluit
784 2480 892 2536 humor

147 2567 281 2626 sensibili
303 2567 434 2645 frigdore
457 2570 552 2626 nocet.
592 2568 618 2626 si
639 2568 749 2645 flegma
771 2566 923 2642 liquescit,

148 2657 301 2716 mollificat
325 2657 457 2732 pulsum,
481 2677 570 2733 quem
594 2657 646 2716 dat
668 2658 767 2716 vesica
790 2657 936 2732 liquorem

147 2746 320 2824 inpinguat,
343 2748 449 2823 gustus
473 2764 585 2822 aqueus
608 2763 697 2821 sapor
718 2746 821 2805 inficit.
857 2746 964 2802 humor

220 2903 271 2952 618
290 2898 385 2966 yantis
405 2899 420 2952 b
439 2897 448 2968 ΗΗ
467 2902 519 2950 626
538 2898 566 2951 61
581 2897 686 2950 delicta
702 2898 777 2950 neris
792 2898 807 2951 b
824 2899 827 2966 Ι
843 2898 927 2965 yetus
947 2897 962 2950 b
980 2896 990 2967 ΗΗ
1009 2896 1164 2949 621imbre

147 2986 186 3023 m:
206 2968 273 3022 orbe
292 2971 307 3023 b
326 2969 335 3040 ΗΗ
355 2972 406 3022 623
426 2968 522 3022 crebre
542 2970 557 3022 b
574 2971 577 3033 Ι
594 2967 684 3022 stilla:
704 2969 739 3034 cs.
755 2969 845 3023 Ooast.
860 2972 932 3034 2,14
951 2970 998 3035 (ere
1015 2984 1068 3035 quo
1087 2968 1158 3037 lo.)l

148 3045 200 3093 626
226 3040 302 3093 calor
328 3044 345 3109 Η.
364 3083 369 3093 .
389 3082 394 3094 .
417 3044 469 3093 638
495 3039 597 3108 algor):
623 3039 779 3105 6ΗΒ66116.
802 3040 830 3094 0.
853 3039 1018 3105 S.11,109
1042 3046 1067 3093 et
1091 3040 1163 3092 Petr.

148 3112 202 3177 IV,
215 3115 269 3166 294
291 3112 471 3180 (quandoque
494 3126 528 3164 ex
551 3110 676 3178 frigidis,
700 3111 869 3178 quandoque
893 3126 927 3164 ex
946 3109 1056 3175 calidis)
1079 3108 1089 3180 Η
1112 3114 1162 3160 633

146 3200 172 3235 v.
194 3183 348 3237 tumescere
375 3183 425 3235 dat
451 3183 466 3236 b
493 3181 503 3253 ΗΗ
531 3186 583 3235 633
612 3181 725 3235 dulcore
751 3199 789 3236 m:
819 3181 938 3235 dulcedo
965 3183 980 3235 b
1007 3180 1017 3251 Η
1045 3185 1096 3233 634
1123 3180 1164 3232 in-

147 3270 249 3340 pingat
276 3289 303 3325 m
330 3271 339 3342 Η
367 3276 418 3325 636
448 3269 552 3324 arteria
580 3270 596 3323 b
622 3269 632 3340 Η
660 3275 711 3324 636
740 3270 759 3323 f.
785 3270 870 3339 ignea
899 3269 1044 3339 sanguinis
1072 3266 1163 3338 inpig‘

149 3377 244 3446 fipigit
263 3379 289 3446 b)
308 3377 549 3500 161666666ΗΗ1639
569 3376 661 3429 cerina
680 3378 695 3430 b
717 3376 727 3448 Η
748 3381 800 3458 646
817 3376 924 3430 61666666
942 3394 970 3430 m
989 3375 999 3446 Η
1021 3381 1070 3428 641
1085 3366 1164 3459 'artie

148 3450 176 3503 b:
197 3448 264 3503 arde
282 3467 309 3502 m
326 3451 330 3516 Η
347 3466 395 3516 qur
415 3448 450 3502 de
471 3450 514 3504 urt
532 3466 571 3502 ra:
591 3463 674 3515 quem
694 3447 813 3501 destruit
833 3448 848 3500 b
866 3447 876 3518 ΗΗ
895 3453 945 3501 642
965 3445 1106 3500 sensrbrlrs
1127 3449 1142 3502 b
1159 3448 1161 3517 Η

148 3555 269 3610 friodore
287 3573 315 3609 m
330 3559 334 3622 Η
351 3553 454 3608 fleuma
472 3572 510 3608 m:
531 3531 568 3607 fii
586 3555 602 3607 t
619 3553 630 3626 Η
651 3559 702 3607 644
721 3552 854 3620 inpingat
871 3571 898 3608 m
