2466 3848
150 201 192 267 96
602 197 716 252 EGIDII

150 349 281 410 ostendit
302 350 443 423 mortem,
465 347 596 407 furiosus
619 347 651 406 in
675 348 800 408 artubus
824 347 913 407 ardor

149 437 320 516 praetendit
341 439 457 497 fervore
479 456 599 515 rogum,
622 436 791 514 minuitque
814 437 965 513 loquelam

79 542 131 583 reu
151 528 275 587 ariditas
298 528 429 605 linguae.
465 527 570 603 pulsus
594 525 737 586 velociter
759 526 855 586 instat

151 617 204 694 qui
226 616 354 694 digitum
378 616 461 674 duris
484 616 561 674 solet
582 616 725 675 infestare
748 615 884 694 flagellis.

150 705 270 784 perbis
294 708 341 763 ter
364 704 454 764 denas
476 705 512 763 fit
534 723 613 781 pena
634 703 789 763 molestior
811 705 914 778 horas,

150 795 196 854 bis
219 793 297 854 senis
321 793 461 853 residens.
498 793 600 853 divino
622 813 743 852 munere
765 796 899 867 tanturn,

150 903 211 942 non
233 882 354 957 medici,
377 882 505 961 gaudere
527 886 628 958 potest
650 887 761 942 natura
783 882 944 959 triumpho.

80 989 133 1029 aare
222 972 384 1031 Naturae
406 991 466 1031 rus
490 973 674 1031 excultum
697 973 723 1030 si
745 972 843 1048 primo
866 970 1016 1030 novellam

151 1062 283 1138 pullulat
306 1063 339 1119 in
360 1079 486 1120 messem
509 1061 687 1136 spondens
712 1062 904 1138 augmenta
926 1060 1053 1118 futura

151 1152 304 1210 hnmano
328 1150 465 1227 generi,
489 1151 532 1209 sic
556 1150 671 1228 collige.
708 1153 861 1209 menstrua
885 1150 1014 1222 cessant,

151 1240 243 1298 ubera
266 1241 455 1317 turgescunt,
478 1239 570 1298 variis
594 1238 748 1298 affectibus
772 1257 853 1299 escas

153 1328 286 1405 exposcit
309 1329 494 1402 stomachus,
517 1327 649 1388 succedit
671 1346 797 1401 nausea,
819 1329 920 1404 torpet

81 1433 134 1473 reso
152 1418 240 1496 pigra
263 1436 369 1492 venus,
391 1417 502 1476 matrix
525 1418 612 1493 quasi
635 1436 743 1495 sugens
767 1417 872 1493 clausa
893 1415 1012 1475 virilem

153 1508 334 1584 constringit
356 1506 486 1583 virgam,
510 1525 652 1566 coxarum
673 1506 804 1582 pondere
827 1507 925 1564 motus

152 1595 268 1656 tardior
291 1598 336 1654 est
358 1596 461 1670 solito,
485 1594 645 1655 conturbat
665 1596 758 1655 tortio
781 1597 924 1654 ventrem.

153 1685 269 1762 pigrior
291 1686 426 1759 aspectus
452 1685 605 1743 oculorum
629 1685 758 1743 motibus
783 1683 868 1742 addit

153 1774 349 1850 tranquillam
372 1773 517 1848 requiem,
542 1792 668 1849 quorum
691 1792 769 1832 nova
792 1775 938 1831 concavat
960 1770 1044 1830 orbes

154 1998 245 2067 Iaeyd.
266 1999 358 2065 1505),
385 1998 435 2049 aut
460 1995 544 2049 nimis
567 1996 684 2050 infestat
706 1997 739 2048 ut
762 1997 801 2065 (et
824 1996 907 2062 Dar.)
934 2011 997 2048 curn
1023 1993 1170 2064 nigredine

154 2069 282 2138 linguam
300 2069 319 2122 d
338 2071 374 2136 (3).
412 2069 447 2134 cf.
463 2069 536 2121 Pau.
557 2068 600 2135 (de
617 2069 730 2135 maiore)
753 2066 836 2120 urina
859 2081 894 2119 ex
917 2066 1066 2119 adustione
1088 2064 1170 2118 modo

135 2140 253 2204 ¹uiridis
276 2139 359 2193 modo
383 2138 465 2207 nigra
488 2141 615 2207 apparet.
653 2139 738 2209 Egid.
756 2139 789 2192 de
811 2155 853 2192 ur.
867 2141 922 2193 206
944 2137 1079 2191 maiorem
1103 2137 1170 2205 (soil.

156 2211 337 2278 emitriteum)
421 2209 543 2278 denique
567 2211 686 2264 mortem
709 2209 818 2263 indicat
840 2209 923 2261 urina
945 2208 1058 2276 prasino
1081 2207 1172 2261 tincta

157 2282 248 2336 colore
268 2282 312 2349 (cf.
327 2299 351 2335 o.
363 2285 398 2336 21
422 2281 529 2350 nigrior
550 2281 649 2335 urinae
673 2281 761 2334 facies
780 2281 965 2335 ...mortem
986 2278 1141 2348 portendit)
1161 2276 1172 2349 ll

157 2359 225 2407 2313
251 2352 375 2407 ostendit
401 2352 543 2406 modicum
571 2351 679 2407 febrilis
707 2352 725 2405 i.
743 2368 768 2405 a.
788 2368 813 2405 a.
837 2353 865 2416 d,
894 2349 1025 2417 offendit,
1053 2351 1172 2403 mortem

156 2424 277 2478 furiosus
301 2424 320 2476 i.
337 2441 361 2477 a.
380 2440 404 2476 a.
428 2424 447 2477 d
469 2423 479 2495 ll
501 2429 571 2476 3314
594 2423 707 2492 §tendit
730 2423 765 2476 bd
790 2423 793 2495 l
819 2422 927 2476 fervore
949 2437 1049 2491 rogum
1072 2427 1118 2475 etc.
1143 2421 1170 2474 b:

157 2496 264 2549 fervore
282 2498 369 2564 negat
387 2495 530 2562 nimioque
549 2494 701 2562 loquellam
723 2495 742 2547 d
763 2493 773 2565 ll
796 2498 865 2546 2316
885 2493 963 2546 duris
981 2493 1010 2546 b:
1035 2492 1103 2545 diris
1122 2492 1141 2545 d

158 2572 227 2621 2318
253 2566 287 2632 ef.
307 2569 380 2621 Pau.
406 2566 570 2619 Notandum
596 2566 670 2634 quod
691 2609 696 2620 .
714 2607 719 2618 .
736 2608 741 2618 .
760 2567 833 2618 teste
859 2563 977 2618 Galieno
1003 2565 1070 2632 (scil.
1096 2581 1114 2617 a

159 2639 255 2706 Garip.
272 2643 298 2704 6,
312 2640 339 2706 4)
354 2637 449 2691 divino
463 2637 558 2705 potius
573 2654 657 2704 quam
673 2637 796 2690 humano
816 2637 931 2689 curatur
950 2634 1055 2688 anxilio
1074 2634 1083 2706 ll
1102 2638 1171 2686 2319

156 2711 201 2764 tic
218 2711 341 2777 sequitur
362 2711 394 2763 iu
412 2709 431 2762 d
451 2709 603 2776 capitulum
622 2712 759 2775 (ausuum
777 2711 825 2774 23)
846 2709 928 2762 inser.
949 2706 1066 2776 Signum
1085 2704 1172 2758 febris

157 2779 357 2849 pestilentialis
382 2780 453 2849 quod
475 2781 600 2848 spurium
623 2780 731 2834 uidetur
754 2786 779 2833 et
801 2779 996 2847 iuterpolaium
1014 2778 1049 2831 ab
1068 2777 1173 2846 Epidio

157 2858 268 2906 cuuue
286 2852 408 2906 alieuum
425 2868 475 2905 uec
493 2857 569 2905 catat
586 2853 617 2905 iu
636 2852 651 2905 b
671 2851 767 2918 (Plut,
786 2852 840 2917 Io)

229 2927 299 2976 2320
320 2924 394 2978 rubr.
418 2921 459 2975 De
483 2922 571 2991 signis
594 2922 625 2975 in
647 2921 843 2990 pregnacionis
867 2921 892 2986 b,
913 2920 955 2974 Dc
979 2919 1068 2989 signis
1091 2933 1173 2988 preg-

157 2995 252 3047 nantis
277 2994 304 3047 d.
347 2995 396 3048 hoc
421 2994 573 3061 capitulum
600 2994 743 3058 manifeste
766 2993 940 3062 Eqidiuuum
965 2991 1096 3058 quomodo
1120 2990 1173 3044 oue

156 3066 246 3132 sociat
271 3066 384 3120 dubites.
424 3066 472 3119 sed
496 3081 558 3119 cum
583 3065 725 3118 auueedct
748 3062 783 3117 dc
808 3062 958 3116 sterilitate
984 3067 1174 3132 argumentum

158 3139 248 3205 (1733)
273 3143 354 3205 atque
371 3138 452 3191 etiuru
470 3139 590 3191 Ioauues
612 3137 643 3190 iu
662 3136 795 3189 bruiario
813 3135 965 3188 subdiderit
984 3133 1106 3201 capitulo
1125 3132 1174 3185 ‘de

158 3208 322 3262 sterilitate’
341 3215 426 3275 caput
443 3208 492 3262 ‘dc
510 3205 728 3276 pregnantibus'
747 3205 877 3273 aliudque
900 3205 938 3259 ad
960 3205 1084 3258 matricis
1101 3210 1175 3258 trac·

158 3285 247 3333 tatum
262 3281 409 3349 pertineas.
430 3279 473 3332 ‘de
489 3277 612 3345 aborsu',
632 3278 772 3332 addiderit
784 3278 867 3331 etium
881 3276 916 3330 de
930 3274 1073 3341 mamillis,
1091 3275 1175 3342 facile

157 3352 304 3416 suspiceris
331 3351 463 3404 cur-miuis
488 3350 627 3419 Egidiaui
653 3356 717 3403 aute
744 3349 879 3418 epilogum
902 3362 1086 3416 praepropere
1110 3346 1175 3400 oub-

143 3417 274 3472 aunuum
292 3423 422 3488 capitula
440 3422 578 3491 quaedam
601 3421 744 3486 eccidisse,
766 3426 902 3474 seruatum
924 3425 1016 3473 auum
1038 3423 1123 3484 caput
1142 3416 1175 3470 de

118 3491 344 3548 manantibus
360 3510 381 3546 a
406 3495 466 3550 loeo
485 3511 539 3551 seeo
561 3495 679 3566 proprio
696 3492 860 3564 ucqligeuter
876 3492 931 3545 leuc
948 3490 1067 3544 delatura
1090 3504 1144 3542 esse
1165 3485 1176 3558 Η

112 3547 192 3598 2326
210 3569 328 3623 augens
347 3566 402 3633 (aie
422 3568 448 3637 b)
469 3585 525 3626 om.
541 3569 563 3625 d
