2466 3848
123 228 146 292 4
573 224 688 279 EGIDII

196 375 394 454 Flegmatis
417 375 573 452 insipidi
596 375 780 436 sinthomata
804 376 1057 454 praedominantis

123 466 197 525 haec
219 465 276 524 tibi
298 465 386 542 signa
409 463 532 523 dabunt.
578 483 668 541 sapor
690 464 852 542 insipidus,
876 466 965 526 faciei

124 554 241 632 pallens
264 553 383 627 albede,
405 555 530 613 ventosa
552 554 668 613 inflatio
691 556 804 615 ventris

125 647 155 704 et
176 644 319 718 laterum,
342 642 427 701 dolor
449 643 586 719 occipitis
609 635 764 720 partisque
788 645 940 721 sinistrae,

80 753 105 791 as
124 733 163 792 ad
187 749 326 809 sompnos
349 750 432 791 mens
456 730 591 807 declivis,
614 733 763 792 tardantis
788 733 826 792 ad
849 736 951 793 actum

124 823 209 881 artus
231 819 387 899 segnities,
409 840 514 880 renum
536 839 688 898 pressura,
711 820 857 882 vacillans

123 912 170 970 vis
193 909 385 989 disgestivae‚
408 909 580 986 madidique
602 911 729 970 infamia
750 914 830 986 nasi,

123 998 215 1059 tortio
238 1000 286 1058 vel
309 1019 445 1058 mmmur
467 999 627 1075 stomachi,
650 1000 822 1077 sputamina
844 1002 954 1074 multa,

123 1106 249 1164 nausea,
272 1087 299 1148 si
320 1089 436 1164 repleat
458 1090 645 1148 stomachum
666 1089 798 1148 ructatio
821 1089 925 1165 cruda,

79 1199 105 1237 eo
123 1177 264 1238 mollities
287 1178 349 1236 rari
372 1178 476 1253 pulsus
499 1178 649 1237 tardantis
672 1176 710 1237 ad
733 1180 847 1252 actum,

124 1285 255 1326 secessus
278 1265 375 1341 fluidi,
398 1285 465 1325 cum
488 1267 694 1345 muscillagine
717 1267 812 1327 mixta

124 1357 215 1415 cmda
238 1356 441 1432 superfluitas,
465 1357 561 1432 epatis
585 1356 755 1416 substantia
777 1356 887 1434 spissa,

123 1464 227 1505 sensus
249 1444 352 1520 hebes,
374 1445 466 1504 facies
488 1445 606 1518 inflata,
630 1445 761 1521 maredo
784 1447 959 1520 molestans,

123 1535 259 1611 sompnia
281 1535 330 1593 vel
351 1535 471 1612 fingunt
491 1533 600 1592 imbres
624 1534 671 1593 vel
693 1534 819 1594 flumina
841 1536 980 1595 fundunt.

78 1643 104 1681 ee
194 1622 504 1698 Punctio,pru1itus,
528 1622 643 1681 salsedo
666 1624 762 1682 tincta
786 1625 882 1684 colore

122 1730 243 1789 prorsus
267 1711 388 1784 citrino,
410 1711 554 1770 mediocri
577 1712 673 1786 spissa
695 1711 811 1787 liquore

123 1803 253 1876 quatuor
274 1801 434 1858 humorum
457 1799 535 1874 faex,
559 1818 651 1858 venae
674 1800 783 1859 fortior
804 1802 883 1859 ictus

122 1889 285 1966 pulsantis,
308 1888 373 1947 sitis
398 1889 535 1963 affectus,
558 1888 689 1947 defectus
714 1889 832 1964 edendi,

122 1978 309 2057 flegmatis
332 1978 406 2037 haec
429 1977 518 2037 salsi
541 1979 603 2036 vim
625 1979 748 2055 signant
769 1978 1033 2055 praedominantis.

77 2087 104 2124 co
195 2066 382 2127 Crescentem
404 2067 517 2143 promit
539 2068 718 2127 dulcorem
743 2069 929 2147 flegmatis
953 2067 1013 2127 cris

123 2157 261 2231 dulcedo,
284 2157 392 2216 frontis
416 2156 563 2235 gravitas,
585 2157 691 2234 pulsus
714 2157 868 2216 muliebris

121 2246 278 2319 mollities,
301 2266 390 2322 quem
413 2247 569 2305 confirmat
590 2246 751 2305 violentior
772 2246 850 2306 ictus

121 2354 189 2394 raro
213 2334 384 2408 succedens,
407 2335 515 2393 citrino
537 2334 633 2392 tincta
656 2335 753 2393 colore

122 2423 245 2500 spissior
268 2424 372 2481 urinae
396 2423 578 2497 substantia,
601 2441 678 2481 vena
701 2426 876 2481 tumescens.

77 2530 103 2568 45
195 2512 302 2590 Signat
326 2515 508 2571 acetosum
532 2511 679 2570 dominari
702 2511 835 2589 flegma
857 2511 999 2571 remissus

121 2604 226 2661 minae
248 2602 347 2677 pallor
369 2601 499 2677 quodam
521 2599 721 2659 moderamine
744 2600 879 2678 pinguis,

194 2743 227 2790 21
246 2737 320 2790 rubr.
336 2735 424 2804 Signa
437 2735 577 2805 flegmatis
595 2733 788 2788 habundantia
802 2734 853 2787 XX
867 2753 901 2789 m.
929 2737 974 2789 Ab
992 2737 1135 2789 humorum

122 2808 297 2862 abuudantius
318 2808 441 2876 generati
462 2806 570 2860 orditur
591 2807 656 2860 item
674 2808 714 2861 Io.
736 2806 769 2860 de
791 2807 818 2861 S.
838 2807 928 2860 Paulo
951 2808 982 2860 ic
1001 2807 1135 2860 &catorio

123 2885 148 2933 et
166 2879 255 2948 (apud
273 2879 318 2932 Dc
336 2879 426 2932 Restat
445 2878 473 2932 0.
489 2877 516 2932 S.
532 2878 585 2943 IV,
595 2882 649 2932 419
667 2878 701 2944 cf.
719 2879 792 2932 Vera.
812 2878 860 2932 der
876 2879 987 2932 Lctce'n.
1002 2877 1067 2931 Has.
1087 2877 1135 2931 der

123 2951 188 3019 Kpl.
199 2951 273 3004 Bibl.
289 2965 324 3004 aa
338 2950 439 3003 Berlin
452 2950 553 3015 1,370)
568 2950 777 3004 Archimcthccs
791 2951 839 3016 (cf.
851 2950 933 3003 etiam
940 2949 1037 3002 Versus
1051 2949 1135 3002 medi-

122 3022 225 3076 cinales
242 3021 319 3089 apud
336 3021 381 3074 De
399 3021 488 3074 Reuss
507 3021 535 3075 0.
551 3021 578 3075 S.
596 3020 658 3088 Vp.
669 3024 788 3088 56-58)
810 3019 821 3093 ΙΙ
846 3024 879 3074 26
899 3019 936 3072 ad
955 3021 1082 3088 (actum):
1107 3022 1135 3073 et

122 3111 149 3147 ec
165 3093 176 3164 ll
195 3098 227 3147 2⁷
243 3091 407 3160 madidique
421 3091 551 3145 infamia:
566 3091 675 3145 madidi
690 3091 815 3145 infancia
829 3093 887 3159 (sic)
901 3108 929 3144 m
943 3089 954 3162 ll
969 3095 1004 3145 28
1018 3091 1133 3144 tortior:

121 3166 184 3218 ta1o
205 3167 366 3233 (acromate
380 3164 486 3232 partim
505 3163 612 3231 detrito)
631 3181 658 3216 m
676 3161 685 3234 ll
704 3168 737 3217 30
756 3162 914 3231 tartantis(
934 3163 1004 3229 ‘)m
1020 3164 1024 3230 Ι
1041 3164 1132 3215 actum

123 3239 163 3303 (ct
180 3239 239 3303 25):
255 3234 368 3306 llssctum
389 3253 416 3289 m
440 3232 449 3305 ll
473 3239 505 3287 31
525 3233 734 3304 muscillagine:
754 3234 789 3300 cf.
809 3239 864 3287 act.
886 3233 931 3300 (dc
949 3250 1033 3302 comp.
1053 3234 1134 3302 used.)

122 3310 148 3373 3,
162 3311 215 3363 977
237 3306 247 3380 ll
270 3311 304 3360 34
323 3307 359 3372 cf.
374 3306 460 3361 Scleol.
476 3305 533 3361 aaz.
548 3323 572 3360 o.
584 3310 655 3360 1996
664 3307 699 3360 R.
720 3305 799 3375 (visio
818 3321 928 3373 quoque
950 3319 1085 3372 aquarum
1105 3305 1135 3358 in

114 3381 202 3430 nocte
217 3381 261 3432 Io,
277 3379 312 3432 dc
328 3378 357 3432 S.
372 3377 472 3444 Paulo)

173 3451 213 3496 86
228 3449 308 3501 mbr.
328 3448 423 3519 Signa
441 3447 639 3503 habundantia
657 3447 796 3519 flegmatis
814 3447 921 3500 salsiV
939 3466 965 3501 m

157 3517 198 3563 Ao
213 3518 296 3570 mbr.
318 3519 417 3590 Signa
435 3520 586 3593 flegmatis
605 3519 804 3578 habundantia
822 3518 913 3574 duleis
929 3537 958 3574 su

143 3583 183 3628 46
201 3587 283 3640 rubr.
309 3594 430 3649 aoetcsi
449 3593 607 3668 flegmatis
626 3597 714 3670 signa
731 3592 778 3649 nl
794 3612 822 3649 m
