2466 3848
119 206 235 263 XXVIII

192 360 221 418 8.
244 359 264 418 f.
281 361 321 418 82
343 353 446 437 ‘Mag
460 358 665 418 Alexander
682 357 876 435 Hyspanus
894 359 1034 435 physIcus
1053 377 1135 436 egre·

119 450 188 527 gius
210 448 251 506 de
273 442 406 507 urinis'
430 440 529 527 (exc).
588 488 591 493 -

191 537 364 595 Subduntur
377 537 462 596 varia
476 528 603 618 (1841)
619 531 678 594 ‘De
692 536 774 594 fluxu
788 537 942 614 sanguinis
956 537 988 594 in
1002 531 1137 612 corpore'

122 658 160 667 -
174 621 300 685 ‘Contra
309 620 432 685 febrem'
444 658 482 666 -
495 617 618 708 (f.85h)
634 619 841 685 ‘Observanda
855 629 885 684 et
894 625 1059 685 vitandain
1068 625 1136 684 XII.

118 710 282 775 mensibus'
294 747 332 756 —
345 708 445 796 (189)
465 709 615 774 ‘Virtutes
634 708 813 774 herbarum'.
832 717 982 791 postremo
1002 707 1037 794 (f.
1049 715 1133 773 98-

122 796 200 884 100)
211 804 250 863 al.
259 824 298 862 m.
308 804 393 863 varia
402 796 507 884 (med.)
518 803 669 881 adscripta
678 806 758 878 sunt,
772 803 878 881 lingna
891 802 1010 882 vulgari
1018 803 1136 862 ultima.

192 893 294 971 Egidii
324 884 386 973 (no.
402 885 436 973 4)
466 894 598 969 primum
627 893 734 952 folium
762 885 804 972 (v.
826 884 972 971 1—195)
1004 888 1137 951 restituit

118 982 258 1041 volumen
276 981 472 1056 Munianum,
491 981 640 1057 duplicem
658 981 800 1040 habemus
818 981 958 1040 ultimam
975 983 1093 1058 partem
1107 982 1138 1039 et

119 1090 196 1131 novo
215 1071 288 1131 folio
306 1090 443 1147 novoque
460 1071 551 1130 titulo
570 1063 711 1150 (³1ncipIt
729 1070 765 1128 de
788 1063 951 1151 febribus')
974 1069 1137 1146 separatim

120 1161 275 1237 scriptam,
300 1179 391 1236 quam
414 1179 467 1236 per
490 1178 520 1218 se
543 1160 638 1219 solam
662 1161 831 1236 excerptam
855 1151 972 1240 (signa
995 1162 1025 1218 et
1048 1177 1135 1218 cause

119 1244 276 1329 febrium')
299 1252 450 1326 repererat
467 1249 651 1327 Daremberg
674 1249 709 1307 in
728 1248 850 1308 codice
869 1246 1066 1307 Oxoniensi
1087 1239 1136 1328 (ex

119 1338 300 1397 bibliotheca
317 1338 357 1397 M.
372 1337 405 1396 L.
421 1337 563 1398 Canonici
580 1338 714 1397 Venetiis
736 1338 820 1396 1817
846 1329 961 1418 empto)
984 1355 1063 1396 nunc
1083 1334 1135 1395 Ox.

121 1426 258 1486 Oanonic.
277 1428 359 1486 misc.
379 1428 443 1487 455
468 1420 527 1508 (ch.
547 1445 569 1485 s.
588 1419 667 1507 XV),
690 1428 776 1486 cuius
800 1427 1010 1504 argumentum
1031 1429 1137 1502 postea

119 1516 236 1593 plenius
260 1516 397 1592 exposuit
417 1515 493 1575 Ooxe
516 1517 548 1573 in
569 1514 632 1575 Oat.
647 1516 724 1574 Bibl.
739 1516 824 1575 Bodl.
839 1513 893 1574 Ox.
906 1518 928 1574 t.
942 1514 990 1574 ΙΠ
1009 1506 1135 1597 (1854).

191 1604 330 1665 codicem
358 1603 584 1683 Gottingensem
613 1597 745 1685 (Mdlleri
772 1605 828 1678 III,
848 1599 905 1684 31)
934 1603 1137 1663 aWilhelmo

119 1694 221 1769 Meyer
257 1697 409 1771 repertum
441 1696 473 1750 et
503 1693 687 1769 descriptum
721 1696 763 1771 (v.
791 1686 895 1771 supra)
928 1712 1005 1752 anno
1041 1693 1137 1765 1894,

118 1783 334 1860 Norimhergae
353 1785 474 1856 emerat,
496 1783 548 1859 qui
567 1784 679 1858 etipse
698 1785 803 1858 postea
821 1782 979 1857 descripsit
997 1800 1023 1840 a.
1041 1784 1137 1856 1777,

121 1871 151 1930 O.
171 1870 205 1930 G.
225 1871 265 1929 de
293 1872 389 1929 Murr
417 1891 452 1929 ex
478 1871 660 1930 bibliotheca
683 1869 844 1931 Godofredi
868 1871 1021 1930 Thomasii
1050 1863 1135 1952 (Lip-

119 1961 223 2020 siensis
249 1954 531 2039 1660-†1746),
558 1960 594 2017 de
622 1979 684 2036 qua
710 1961 742 2018 in
764 1961 937 2020 universum
958 1961 1137 2018 monuerant

118 2050 197 2110 Acta
219 2049 368 2108 litteraria
390 2048 559 2126 Lipsiensia
587 2049 658 2108 anni
682 2051 767 2109 1747
792 2041 889 2130 (Neue
913 2049 985 2107 Zeit.
1012 2049 1061 2106 fiir
1086 2067 1136 2127 ge·

119 2140 213 2198 lehnte
234 2133 371 2218 Sachen).
408 2138 580 2216 catalogum
599 2140 743 2214 quattuor
760 2140 851 2198 tomIs
870 2131 908 2217 (Ι.
926 2138 967 2196 Π.
985 2137 1041 2211 ΠΙ,
1057 2140 1085 2196 1.
1101 2131 1136 2216 2)

120 2228 214 2287 edidit
246 2227 280 2289 G.
299 2228 347 2287 W.
370 2228 484 2287 Panzer
516 2220 777 2309 (1765-1770)
814 2247 881 2286 cum
912 2226 1135 2303 Appendicibus

119 2309 175 2398 (17
181 2310 250 2399 72),
280 2317 334 2375 ubi
363 2317 398 2375 de
429 2316 512 2375 libris
541 2317 752 2392 manuscriptis
783 2309 839 2396 (25
864 2315 986 2374 membr.
1010 2316 1040 2373 et
1070 2315 1134 2373 253

119 2398 227 2485 chart.)
257 2426 285 2482 p.
312 2407 351 2464 37
359 2406 455 2464 -64,
489 2406 602 2482 legitur
631 2406 673 2464 sic
702 2425 731 2481 p.
755 2407 812 2464 42:
842 2399 950 2464 ‘XXV.
974 2403 1136 2463 Theodosii

118 2493 259 2555 versiculi
288 2495 324 2553 de
354 2494 491 2571 pulsibus
521 2489 590 2570 (sict
615 2496 651 2553 cf.
665 2494 712 2552 W.
732 2494 833 2570 Meyer
856 2494 874 2552 l.
900 2486 947 2569 c).
995 2494 1023 2551 2.
1046 2491 1137 2551 Liber

119 2583 220 2661 Egidii
252 2583 289 2641 de
320 2583 423 2641 urinis.
470 2585 499 2641 3.
526 2582 615 2641 Liber
646 2583 682 2641 de
715 2583 809 2661 signis
842 2586 873 2642 et
903 2581 1136 2642 sinthomatibus

119 2671 330 2750 egritudinum.
363 2675 392 2730 4.
406 2672 486 2731 Vsus
503 2673 693 2748 magistrales
712 2691 766 2749 pro
786 2671 988 2731 conservanda
1006 2669 1135 2729 sanitate

121 2761 183 2819 211.
204 2762 246 2819 30
260 2755 316 2818 kr.’
348 2760 438 2818 quta
452 2760 552 2837 ipsum
569 2761 690 2820 initium
703 2761 864 2821 volumInie
882 2761 994 2836 legitur
1006 2759 1038 2816 in
1056 2776 1135 2816 mar-

119 2849 188 2928 gine
213 2843 363 2907 ‘Donum'
386 2841 460 2930 (non
484 2844 644 2923 ‘Domini’,
671 2853 708 2909 ut
729 2851 843 2928 legerat
865 2840 963 2928 Murr)
991 2846 1135 2907 Iohannis

118 2938 233 3015 Hoppii
256 2937 370 2997 Sindici
387 2937 580 3015 Reipubficae
599 2939 791 3014 Znoymensis
813 2931 922 2998 1584'.
946 2935 1137 2996 continentur

193 3032 220 3086 1.
245 3022 350 3085 ‘Liber
371 3029 512 3104 pulsuum
536 3023 684 3106 Egidii'.

191 3118 220 3175 2.
246 3110 349 3175 ‘Liber
372 3116 407 3176 de
430 3117 524 3176 urinis
548 3111 694 3195 Egidii'.

192 3207 221 3265 3.
245 3200 348 3264 ‘Liber
366 3206 402 3264 de
421 3207 515 3285 signis
534 3210 565 3265 et
583 3205 813 3266 sinthomatibus
832 3197 1052 3284 egntudinum'
1067 3196 1136 3285 (qui

120 3294 158 3354 ad
180 3294 270 3353 finem
294 3288 442 3371 ‘Explicit
465 3295 541 3354 liber
563 3295 599 3353 de
623 3296 718 3374 signis
741 3297 771 3352 et
794 3295 891 3354 causis
914 3285 1071 3372 metrice').

190 3385 219 3442 4.
244 3378 372 3443 ‘Versus
394 3379 601 3463 magistrales'
625 3376 854 3465 (medicinales).

129 3549 136 3561 .
177 3472 207 3525 5.
231 3472 313 3530 Item
340 3493 445 3535 versus
475 3473 668 3535 medicInales
694 3471 826 3548 undique
852 3471 969 3533 collecti
992 3464 1135 3550 (quorum

72 3551 181 3612 ΡΠΜῘ
216 3563 297 3619 sunt
333 3567 478 3644 quinque
517 3567 579 3627 inc.
613 3560 894 3625 ‘Miraholanonnm
924 3561 1038 3636 speeies
1067 3562 1142 3617 sunt
