2466 3848
555 201 724 257 VIATIOUS

137 356 263 412 evacuat
285 372 389 427 venas,
412 353 526 429 patulis
551 355 598 413 vel
621 353 744 413 naribus
768 353 830 412 exit
887 415 888 418 ,

136 442 268 521 irriguus
292 441 414 520 sanguis
431 443 596 516 stomachi,
620 443 668 502 vel
691 460 803 502 nausea
826 443 948 519 chymos
975 490 976 494 ,
1056 493 1057 496 ,

138 531 263 590 educens
287 532 334 591 vel
357 532 506 608 deponens
525 534 671 591 ¹contenta
695 523 833 591 deorsum
871 565 875 572 2

80 639 120 678 orn
137 623 230 679 ianua
252 623 390 694 naturae,
413 621 461 680 vel
483 621 681 697 respiramina
703 620 794 680 sudor
869 671 871 675 ,

138 709 267 768 efficiens
291 713 425 770 cessante
447 711 544 769 modo.
583 709 616 769 Si
638 711 825 787 lipotomiam

137 800 295 858 humorum
319 799 392 858 facit
413 799 548 874 ubertas,
573 801 713 877 turgente
731 802 860 860 notatur

138 906 225 961 vena,
249 907 372 948 carnosa
395 889 596 948 membrorum
618 889 697 946 mole
717 889 834 957 diaetae

137 977 261 1035 luxuria.
299 996 388 1052 quam
411 977 551 1053 producit
572 997 712 1055 pressura
736 978 860 1050 doloris,

80 1085 120 1122 ceo
137 1064 304 1140 cardiacae,
327 1066 451 1142 colicae,
475 1068 646 1143 cephaleae,
668 1067 853 1143 perniciosae
926 1101 928 1103 ·
963 1078 965 1082 ·

94 1167 96 1172 ·
136 1155 255 1228 iliacae,
279 1158 380 1233 gravis
404 1157 560 1230 artericae,
583 1157 753 1234 diafragma
775 1156 937 1231 prementis
997 1192 1017 1207 „

137 1244 270 1303 matricis
294 1263 391 1316 comes
415 1263 478 1304 esse
502 1246 586 1304 solet.
625 1265 716 1322 quam
739 1245 839 1321 passio
862 1245 971 1302 mentis
1020 1299 1022 1308 ,

136 1337 287 1409 procreat,
311 1354 346 1391 ex
368 1333 415 1392 ira
436 1334 540 1409 prodit
561 1334 610 1392 vel
633 1352 702 1392 cum
723 1335 820 1393 metus
844 1335 949 1411 ingens

137 1422 244 1481 intima
267 1422 446 1500 constringit
462 1422 564 1482 cordis
588 1423 636 1481 vel
658 1422 740 1482 faeta
761 1428 883 1499 repente

81 1526 119 1566 ees
138 1511 250 1588 gaudia
273 1511 411 1570 dilatant.
449 1512 475 1571 si
497 1511 595 1570 morbi
617 1531 724 1573 cauma
746 1511 857 1571 doloris

138 1618 228 1658 causa
252 1601 305 1673 sit,
329 1600 386 1658 hoc
409 1600 510 1678 signat
532 1604 665 1677 tempus,
688 1601 772 1667 locus
790 1604 826 1660 et
848 1600 946 1675 labor,
971 1600 1030 1659 cris
1094 1657 1096 1662 .

137 1688 250 1766 ignitus
275 1689 364 1748 calor.
400 1689 513 1768 algoris
536 1690 675 1767 signatur
698 1708 822 1749 acumen

137 1778 264 1852 pallenti
288 1778 376 1852 facie,
400 1778 530 1838 brumali
552 1781 687 1856 tempore
705 1780 794 1857 regni

137 1867 277 1926 horrendi
300 1867 431 1945 frigdore
450 1869 511 1928 situ
528 1869 689 1946 ,glacieque
705 1869 825 1932 nivali
917 1903 919 1906 >

80 1973 119 2010 940
208 1956 328 2015 Inducit
350 1957 480 2059 tufflm
502 1959 669 2034 compassio
693 1958 742 2024 vel
764 1957 901 2033 specialis
993 1998 995 2006 .

138 2047 238 2120 passio
261 2045 401 2104 thoracis.
438 2046 465 2105 si
486 2066 608 2105 munere
626 2047 842 2122 >compatientis
911 2105 912 2111 χ
977 2079 979 2082 >

138 2134 268 2193 efficitur
289 2134 427 2208 membri,
451 2135 553 2210 prodit
575 2136 610 2193 de
629 2134 735 2211 splene
757 2134 904 2200 tumentis
1016 2147 1020 2154 '

139 2226 192 2282 aut
214 2223 309 2299 epatis
333 2223 415 2282 vitiis
432 2225 492 2283 ant
515 2225 696 2300 angustante
719 2225 834 2287 meatus
896 2285 898 2289 ,

137 2312 287 2389 pulmonis
311 2313 464 2372 stomacho
488 2314 535 2375 vel
558 2312 729 2372 destillante
744 2314 908 2384 catarro,¹

80 2419 119 2458 444
138 2402 294 2476 pleuretici
317 2402 364 2461 vel
387 2402 465 2461 mole
488 2402 562 2460 mali
584 2401 632 2460 rel
652 2403 794 2478 apostare
816 2401 891 2459 laesi
998 2456 1004 2467 „
1047 2442 1049 2446 ι

139 2490 297 2565 pulmonis.
335 2509 425 2567 quam
450 2491 502 2549 dat
524 2490 662 2566 specialis
684 2491 783 2565 passio
806 2491 928 2563 tussim,

139 2579 230 2638 efficit
253 2579 392 2654 ariditas,
415 2580 535 2653 humor,
558 2579 700 2656 frigdoris
724 2597 857 2642 acumen..

140 2667 172 2725 Si
194 2673 282 2727 nocet
305 2668 443 2743 auditae,
466 2669 561 2748 macie
584 2668 779 2744 perpenditur
796 2669 874 2741 oris,
918 2704 920 2710 ·

140 2757 257 2816 defectu
280 2758 374 2834 sputi,
397 2761 546 2833 punctura
566 2759 697 2833 pectoris
722 2757 817 2836 aegri,

249 2861 352 2868 -ἐ

134 2945 136 2950 ·
180 2946 182 2951 ·
209 2933 262 2980 993
288 2928 419 2996 irruguus
444 2945 472 2981 m
498 2927 508 2997 ll
536 2932 587 2980 926
613 2926 812 2996 lippotomiam
838 2945 876 2995 m,
905 2924 1102 2993 lipothcmiam
1131 2927 1154 2979 b.

130 2996 307 3064 ¹ilipothomia
326 2998 345 3053 i.
365 2997 511 3051 malfactio
530 2999 625 3054 Atrei.
640 3015 685 3067 op.
702 2999 769 3053 Gar.
785 3001 856 3064 2,19
867 3024 894 3042 =
906 2997 1028 3065 sincopis
1046 2997 1088 3063 (de
1101 3013 1156 3064 quo

141 3069 181 3120 Io.
201 3068 328 3138 Sincopis
348 3071 390 3124 est
410 3070 531 3124 defectio
551 3070 653 3138 cordis)
672 3069 682 3140 Η
701 3074 750 3122 931
771 3069 863 3137 yliace
882 3070 925 3123 mb
942 3071 946 3136 Ι
962 3067 1099 3121 arthetica
1118 3068 1134 3121 b
1150 3067 1154 3137 l

135 3138 273 3206 spiritisb,
296 3141 386 3208 plutis
406 3141 562 3210 (preteritis)
582 3159 609 3195 m
631 3141 640 3212 Η
664 3145 715 3193 932
738 3141 812 3194 bunc
834 3146 919 3195 totam
942 3154 1049 3194 uersum
1070 3154 1120 3193 om.
1141 3139 1156 3191 b

141 3210 199 3277 <ubi
214 3253 219 3263 .
270 3212 423 3278 prementis
443 3214 447 3280 l
467 3214 665 3280 procreat...)
691 3211 700 3282 fl}
726 3216 777 3263 939
801 3211 926 3280 frigdore
950 3211 977 3264 b:
1003 3209 1107 3263 fridore
1130 3227 1156 3263 m

132 3283 185 3349 2<ss.
203 3299 291 3350 supro
311 3287 371 3336 643.
386 3286 448 3352 914)

132 3354 135 3381 ³
211 3357 264 3407 940
286 3352 361 3408 rubr¹
385 3354 427 3408 De
450 3354 542 3407 causis
565 3354 650 3406 tussis
670 3355 704 3407 »et
727 3353 815 3422 signis
839 3354 868 3407 et
891 3350 1038 3421 speciebus
1062 3352 1090 3418 b,
1115 3352 1156 3414 De

140 3424 256 3478 tussim
278 3424 288 3495 ll
312 3429 364 3477 943
383 3427 534 3495 angustate
553 3426 569 3478 b
591 3423 601 3494 Η
624 3428 675 3478 945
694 3425 808 3493 ap⁹tase
826 3442 865 3478 m:
890 3423 1012 3492 opimare
1032 3423 1047 3476 b
1071 3422 1081 3495 d
1105 3428 1155 3476 949

141 3494 254 3549 iridoris
272 3513 300 3550 m
317 3495 327 3567 ΙΙ
350 3500 402 3551 948
420 3497 495 3552 rubr.
516 3495 604 3564 Signa
621 3496 708 3549 tussis
726 3512 754 3549 m
772 3497 835 3564 (orie.
853 3495 880 3561 bl
900 3492 1085 3563 inpenditur»
1100 3496 1167 3555 bstux

86 3575 90 3580 ·
140 3567 183 3620 mh
202 3565 442 3635 (lportenditurl
460 3567 508 3625 sed
527 3568 564 3638 cf.
577 3585 604 3624 o.
617 3571 687 3625 1089
707 3568 769 3637 etet
