2466 3848
543 200 711 258 VIATIOUS

126 353 251 413 ariditas
274 355 410 412 inmensa
432 353 574 413 18811881
596 353 731 432 germina
753 353 855 413 tardat

54 462 107 502 1181
124 444 263 516 naturae,
287 442 330 502 sio
352 444 530 520 percipitur,
553 445 661 516 macie,
683 442 830 502 brevitate

125 533 283 608 spermatis
307 534 338 590 et
360 531 441 592 visco
464 531 562 606 terrui,
586 532 622 590 de
646 533 792 610 sauguine
815 532 897 591 faece

126 620 242 680 educta.
288 621 313 680 si
336 620 488 699 frigiditas
512 622 644 680 sterilem
667 621 742 680 iacit
765 640 871 698 agrum

125 714 263 784 naturae,
287 708 425 770 stimulat
442 711 530 788 pigra
553 711 711 769 delectatio
734 729 819 770 renes

125 799 157 858 in
180 818 329 872 venerem,
352 799 447 875 pallet
469 799 560 859 facies
584 803 614 858 et
637 799 751 858 detinet
774 803 857 859 artus

55 907 107 948 1181
126 888 280 964 segnities,
304 888 386 947 albet
407 890 503 948 urina.
548 888 620 947 fides
644 888 772 948 stabiliri

125 977 277 1036 instabilis
300 976 424 1053 poterit,
448 979 473 1037 si
497 977 558 1036 sint
581 977 637 1036 tibi
661 977 747 1055 signa
770 976 882 1051 diaeta,

126 1069 209 1125 aetas
233 1069 325 1143 atque
347 1067 431 1126 locus
454 1067 588 1140 varians,
611 1065 789 1141 complexio,
812 1084 927 1142 corpus.

197 1155 400 1214 Arteticam
423 1158 546 1233 generat
568 1158 694 1214 naturae
717 1155 824 1214 noxius
846 1156 967 1228 humor,

128 1262 186 1320 quo
209 1245 294 1320 pedis
317 1243 434 1303 inducit
456 1244 625 1303 substantia
647 1244 729 1302 laesa
754 1243 927 1321 podagram.

56 1353 109 1394 1188
126 1334 261 1393 nascitur
282 1333 314 1390 in
337 1333 475 1392 manibus
498 1332 612 1392 nodosa
635 1333 760 1410 ciragra.
807 1333 937 1392 sciorum

126 1423 209 1481 laesa
230 1423 371 1480 iunctura
392 1422 428 1480 fit
449 1441 527 1498 pena
549 1423 673 1481 sciatica
696 1421 779 1479 dura.

127 1513 265 1588 procreat
286 1511 364 1570 hanc
386 1530 495 1586 penam
518 1511 658 1587 crapulae
683 1511 767 1587 gula,
791 1528 895 1587 grossa
918 1509 1030 1583 diaeta,

127 1603 197 1676 post
219 1618 318 1659 escam
340 1601 494 1659 stomacho
517 1601 629 1659 satiato
652 1617 747 1676 prona
770 1600 911 1658 voluntas

127 1691 159 1747 in
182 1708 327 1749 venerem.
372 1690 399 1747 si
421 1690 603 1767 sanguineus
626 1688 806 1748 discriminis
828 1689 935 1746 humor

57 1796 219 1837 1181881188
241 1780 282 1838 818
303 1777 404 1853 istius,
427 1779 519 1837 rubor
540 1781 571 1836 et
593 1781 694 1837 tumor
717 1783 748 1836 et
770 1797 839 1837 caro
862 1777 960 1836 mollis

129 1869 161 1926 in
184 1867 267 1927 laeso
289 1869 351 1927 sint
373 1867 460 1946 signa
482 1868 561 1942 loco,
585 1867 763 1944 complexio,
787 1886 863 1926 vena

128 1960 313 2035 turgescens,
337 1958 434 2016 maior
456 1957 572 2016 vernali
594 1959 726 2032 tempore
750 1974 841 2032 pana,

130 2046 250 2123 pinguis
274 2049 305 2104 et
326 2047 443 2104 intensa
465 2047 571 2104 iecoris
593 2046 674 2119 faex,
699 2048 788 2120 atque
812 2045 913 2103 diaeta

130 2137 184 2193 aut
206 2136 289 2193 aetas
311 2135 410 2210 prima
432 2135 544 2210 poterit
565 2133 622 2193 tibi
645 2151 779 2210 promere
803 2133 897 2210 signa.

57 2242 112 2283 racc
130 2222 157 2282 si
179 2224 292 2282 colerae
315 2224 400 2282 furor
421 2222 555 2298 insistat,
577 2226 678 2282 tumor
700 2222 905 2296 abbreviatur,

130 2314 228 2372 aestas
253 2315 429 2390 augmentat
450 2331 555 2388 penas,
579 2330 740 2387 croceoque
762 2311 919 2371 rubescens

128 2401 273 2461 infarctus
296 2402 377 2461 color
400 2403 482 2461 artua
505 2401 614 2475 inficit,
638 2402 668 2459 et
690 2400 865 2460 stimulatur

129 2494 279 2567 punctura
301 2491 467 2549 membrum
490 2492 620 2566 patiens,
643 2491 732 2548 urina
755 2491 883 2549 colorem

130 2580 196 2639 auri
218 2580 496 2652 mentiturtenuia,
519 2598 599 2638 nunc
621 2579 692 2638 eicit
715 2596 788 2638 anus

58 2686 112 2727 1818
129 2671 287 2728 materiam
311 2668 451 2742 similem,
476 2668 590 2727 vomitu
613 2686 692 2727 nnnc
715 2668 816 2726 fundit
839 2666 962 2726 eandem

203 2899 272 2948 1784
291 2908 390 2946 venere
410 2881 499 2961 (181188
488 2891 562 2962 8888
581 2896 650 2944 1785
671 2889 799 2943 stabilire
818 2891 833 2944 b

204 2970 272 3019 1788
290 2966 366 3019 rubr.
377 2963 419 3017 De
429 2963 604 3016 artethrcab
627 2963 751 3030 sequatur
756 2967 820 3029 post
828 2962 952 3014 1118811888
962 2960 1147 3043 8888188αά888

130 3038 245 3092 sciatica
258 3038 331 3090 888188
346 3036 422 3104 apud
436 3035 609 3089 Pluteos-ium
623 3037 662 3099 (ct
679 3033 756 3101 opud
770 3033 914 3088 Obruturct'
892 3038 981 3085 81181118
996 3032 1029 3084 ia
1046 3031 1146 3083 viatico

131 3106 341 3178 8188881790
366 3107 530 3161 sciarum=
546 3121 678 3159 coxarum
696 3105 760 3170 10.:)
784 3104 820 3170 cf.
840 3103 977 3157 Siracos.
998 3101 1057 3154 scia
1079 3100 1146 3154 inde

132 3177 250 3232 sciatica
278 3193 332 3245 quc
362 3193 444 3247 grece
470 3177 574 3230 dicitnr
599 3175 689 3228 ischia
715 3177 743 3228 ct
768 3173 897 3228 ischiasis
921 3172 1061 3242 (8888111
1030 3171 1147 3224 inscia

131 3247 249 3303 sciatica
263 3249 348 3314 Plat,
365 3249 482 3303 sciatica
501 3247 605 3301 dicitnr
621 3246 677 3300 scie
696 3247 790 3314 passio
805 3247 846 3299 Io
864 3244 874 3316 88
895 3245 1020 3298 1793888
991 3242 1147 3296 88881888

156 3355 227 3423 1888
255 3354 258 3426 8
283 3359 352 3408 1794
371 3332 547 3424 (1188811988
571 3358 639 3405 1799
658 3353 763 3420 prima:
782 3353 818 3418 cf.
837 3350 939 3405 ultima
958 3354 1028 3403 1810
1049 3348 1052 3420 8
1073 3348 1147 3417 potit

132 3354 340 3510 (881801
360 3424 523 3480 rubescens:
537 3352 603 3476 rub
605 3425 636 3476 at
654 3370 818 3492 8111888888
852 3423 886 3489 cf.
906 3423 981 3477 Plat.
1000 3436 1035 3474 ex
1055 3420 1147 3474 colore

132 3496 219 3552 rubeo
238 3426 356 3552 inmixto
375 3512 472 3551 croceo
486 3495 597 3566 (citrino
613 3496 663 3562 1118
681 3493 913 3567 88189811881889
933 3494 998 3557 (11111
1014 3491 1172 3549 aaudiat&

129 3573 200 3624 1808
218 3569 368 3625 materiam
389 3568 511 3627 similem
532 3567 634 3641 (8118111
649 3569 681 3636 88
700 3568 763 3623 scil
776 3565 901 3622 colorum
915 3559 1022 3628 8181888
