2466 3848
541 201 708 256 viaricus
981 272 984 276 .
1094 206 1136 270 47

192 352 264 411 'lres
287 352 529 412 dissenteriae
553 354 665 428 species
690 352 873 430 distinguere
896 365 1004 414 sensus·
1138 372 1141 377 ·

119 440 247 501 visibilis
270 440 388 501 dicitnr.
424 442 461 500 in
479 441 578 518 prima
599 442 754 520 sanguinis
776 440 858 500 unda
1009 451 1030 522 ι’

57 547 101 588 ,rae
120 548 189 588 cum
211 531 358 590 stomachi
380 531 461 591 faece
483 528 613 606 rapitur,
635 548 742 590 rasura
764 530 909 590 secundae
996 533 998 536 ’
1051 561 1053 568 ·

119 619 261 679 villorum
284 637 381 679 comes
404 621 462 695 est,
486 619 618 679 admixto
642 619 787 698 sanguine
809 620 908 680 frusta

119 708 210 767 tertia
233 709 379 784 producit.
416 727 494 768 nune
516 708 664 769 intestina
683 727 822 786 suprema

119 798 198 856 hunc
221 797 338 856 faciunt
359 793 485 874 fluxum,
510 797 616 858 mediis
640 817 718 857 nunc
740 798 865 856 flumina
888 798 977 858 laesis

120 885 277 964 sanguinis
301 890 474 963 erumpunt,
497 898 576 947 nunc
598 888 680 948 laesa
703 886 864 947 novissima
887 888 1002 947 ventris
1055 921 1057 925 ν

57 993 103 1033 ‚rao
121 975 253 1035 officium
274 976 438 1036 stimulant
476 975 566 1036 laesis
589 979 738 1053 punctura
761 976 907 1053 supremis
1007 998 1008 1002 ¹

121 1084 155 1123 ex
178 1064 314 1124 umbilici
336 1064 438 1142 prodit
459 1066 580 1144 regione
603 1083 749 1142 suprema.

120 1154 255 1213 nascitur
275 1153 401 1213 inferius
425 1155 577 1233 attingens
599 1155 727 1230 pectinis
750 1172 818 1214 oras

121 1242 265 1302 intestina
286 1245 390 1302 tenens
414 1243 499 1302 dolor
521 1242 632 1302 infima.
669 1244 696 1302 si
718 1243 800 1302 locus
823 1242 859 1301 ill

121 1332 264 1407 laeditur,
288 1352 324 1390 ex
346 1333 437 1391 laesis
460 1330 605 1408 supremis
629 1331 754 1390 ultimus
777 1331 841 1390 exit

57 1438 103 1479 aas
122 1423 258 1498 sanguis,
282 1419 335 1497 qui
356 1420 453 1480 multo
476 1421 619 1497 respersit
641 1421 787 1497 sangnine
810 1421 920 1494 faeces,

122 1513 152 1569 et
175 1510 261 1570 dolor
283 1512 406 1586 accepta
429 1509 538 1586 pungit
551 1509 724 1581 ‘violentior
743 1527 818 1568 esca.

121 1599 225 1657 infima
248 1597 274 1658 si
296 1597 391 1657 laedit
413 1598 544 1672 occasio,
566 1599 689 1658 flumine
711 1590 805 1676 parvo

122 1689 219 1747 faeces
241 1689 390 1764 percurrit
412 1687 544 1767 sanguis.
590 1687 642 1746 Fit
662 1689 764 1764 passio
787 1699 877 1746 causa

122 1776 296 1854 multiplici,
320 1779 434 1837 colerae
458 1777 544 1837 firriis
568 1796 660 1854 quam
683 1777 794 1854 promit
817 1775 855 1835 ad
878 1794 966 1836 usum
1026 1785 1028 1793 ’

57 1885 104 1924 uro
123 1867 201 1926 aetio
225 1868 364 1941 naturae,
388 1868 436 1927 vel
459 1865 485 1926 si
507 1867 589 1926 calor
611 1867 751 1944 excoquit
773 1868 858 1926 actus

122 1959 249 2016 naturae
271 1957 433 2032 perimens,
456 1956 590 2015 humoris
614 1955 749 2014 acumine
773 1955 875 2031 quarti

123 2063 212 2120 quem
236 2045 317 2104 calor
340 2063 463 2103 exurens
487 2046 612 2103 naturae
636 2043 835 2119 perniciosum

123 2132 274 2209 producit,
298 2133 371 2191 forti
392 2132 539 2192 salsedine
562 2132 710 2210 flegmatis
734 2132 831 2208 aegri,

122 2224 171 2281 vel
194 2222 291 2298 epatis
315 2222 389 2281 vitio
413 2222 485 2280 dum
507 2221 590 2281 laesa
612 2221 733 2280 staltica
755 2221 851 2280 virtus

57 2328 104 2368 iris
124 2312 234 2384 deficit,
258 2313 312 2370 aut
334 2310 456 2388 sanguis
479 2311 577 2389 legem
599 2312 804 2388 transgressus
826 2308 955 2367 inundat

124 2400 250 2460 artubus
273 2400 454 2476 absumptis,
476 2400 526 2459 vel
547 2399 681 2459 mordaci
704 2398 860 2468 medicina.

124 2489 150 2548 si
174 2490 288 2549 colerae
311 2489 395 2548 furor
417 2488 554 2563 offendit,
577 2490 645 2548 faex
668 2487 733 2548 visa
755 2489 870 2548 fatetur

125 2597 209 2638 cerea
231 2579 279 2637 vel
302 2578 406 2638 viridis
430 2579 478 2637 vel
501 2578 587 2656 nigro
611 2577 756 2655 sanguine
777 2578 882 2636 tincta.

124 2668 150 2726 si
174 2668 239 2728 aitis
263 2667 397 2726 incendit
418 2668 520 2727 fauces
544 2669 575 2725 et
596 2669 704 2745 regnat
726 2684 847 2726 amarus

197 2825 265 2873 1123
291 2821 366 2874 rubr.
391 2817 433 2871 De
456 2818 616 2872 dissinterie
642 2817 730 2888 signis
757 2817 847 2872 causis
874 2815 1020 2885 speciebus
1045 2815 1073 2882 b,
1100 2814 1141 2869 De

125 2890 271 2957 speciebus
294 2890 460 2945 dissenteria
483 2907 511 2945 m
533 2892 569 2959 (ct
591 2890 621 2942 in
644 2907 730 2960 marg.
749 2891 824 2944 mbr.
845 2887 936 2942 Cruda
955 2887 1021 2956 lyen
1047 2885 1050 2957 1
1076 2886 1142 2940 sim-

125 2960 191 3027 plex
213 2961 375 3084 (1131(1131
398 2968 432 3014 cu
456 2965 507 3030 sag
528 2960 530 3032 1
552 2964 613 3015 urse
636 2961 731 3014 diesen
743 2987 771 3006 =
784 2963 888 3015 e3301
907 2959 936 3014 0.
951 2959 979 3014 S.
995 2959 1026 3025 V,
1040 2962 1076 3013 97
1093 2959 1142 3012 ubi

126 3032 262 3100 sanguine
301 3033 385 3101 issen)
403 3033 406 3104 1
424 3032 589 3087 dissenteria
605 3049 644 3087 m:
664 3032 823 3086 dissinterie
838 3033 853 3086 b
871 3031 881 3103 11
900 3035 969 3084 1125
988 3029 1099 3098 rapitur
1113 3029 1140 3082 b:

126 3103 249 3169 erumpit
271 3120 298 3157 m
319 3102 330 3174 11
352 3108 421 3156 1129
445 3103 505 3157 lesa
527 3103 678 3158 novissima
701 3105 729 3158 b:
753 3120 804 3158 om.
828 3105 869 3172 (io
892 3103 962 3170 albo)
986 3119 1014 3155 m
1035 3100 1046 3172 11
1072 3104 1140 3152 1131

125 3172 260 3227 umbelici
279 3174 294 3226 b
316 3173 327 3244 11
350 3179 418 3228 1182
437 3174 520 3229 horas
540 3175 594 3244 (bic
611 3176 719 3243 iterum)
739 3174 755 3228 d
775 3177 841 3244 (noa
863 3174 899 3241 m)
923 3172 1025 3298 111134
1045 3187 1090 3225 ex:
1114 3173 1142 3223 et

126 3245 169 3299 snb
187 3243 197 3316 11
216 3249 284 3298 1137
302 3243 402 3298 laedit:
422 3245 500 3300 ledat
513 3245 636 3313 b,-dcdit
648 3263 676 3299 m
693 3244 703 3317 11
723 3251 790 3299 1138
808 3246 911 3316 pturiit
958 3243 968 3316 11
988 3241 1142 3297 1133111111-

125 3350 231 3419 tiplici:
250 3349 424 3419 multiplicas
443 3352 468 3417 b,
486 3352 573 3424 ·plic3
588 3371 615 3406 ne
630 3354 635 3421 1
651 3337 671 3420 ip
689 3354 717 3406 b:
737 3357 757 3420 (p
775 3354 878 3421 (quem)
897 3368 924 3406 m
942 3350 952 3422 11
971 3353 1040 3402 1140
1059 3347 1083 3401 si
1101 3365 1141 3402 m:

126 3422 286 3492 q(quod)b
304 3421 314 3495 11
334 3427 403 3476 1144
416 3422 472 3476 vel:
492 3423 553 3490 aa,
571 3425 605 3478 ut
617 3441 645 3477 m
661 3425 664 3494 1
682 3422 780 3478 dulcia
795 3425 822 3477 b:
843 3422 939 3476 delesa
951 3439 979 3475 m
995 3421 998 3491 1
1015 3417 1141 3473 staltica:

126 3494 227 3550 celtica
244 3495 288 3549 inb
306 3494 478 3563 (contentiva
495 3495 580 3565 Plct.)
605 3493 615 3625 1
639 3499 709 3550 1145
728 3497 782 3548 aut
798 3495 918 3563 sanguis
929 3492 1033 3558 legem
1041 3492 1083 3540 tr.
1102 3491 1160 3537 auu

124 3567 224 3619 vicium
249 3566 338 3620 virtus
360 3564 454 3637 legem
479 3568 540 3640 ()
559 3586 587 3625 m
644 3573 719 3624 1143
737 3564 908 3634 absumptis
925 3563 962 3615 b:
984 3554 1130 3610 aemulus
1151 3565 1182 3596 aa
