2466 3848
150 174 193 240 90
600 170 715 226 EGIDII

150 324 232 382 aetas
255 323 302 381 vel
325 323 430 382 laevus
454 339 539 381 sexus
563 322 611 381 vel
633 323 769 398 tempora
792 322 890 398 prima

78 428 131 469 erse
149 413 256 470 aetatis
280 413 400 470 tenerae
423 412 471 470 vel
495 409 644 470 desidiosa
667 414 817 485 senectus,

149 501 197 559 vel
220 501 310 578 plaga
333 500 509 579 frigescens,
532 517 677 578 generans
701 500 749 559 vel
771 500 879 578 flegma
901 500 1014 576 diaeta,

150 592 203 648 aut
226 589 345 667 signata
367 588 447 649 notis
470 589 635 664 complexio
659 589 817 665 flegmatis.
853 590 928 649 hora

150 678 260 738 cretica
281 678 425 737 materiae
449 677 542 736 durae
566 678 715 756 grantete
737 681 881 738 moratur.

220 767 348 827 Putrida
371 769 510 826 materies
534 786 596 843 qua
617 759 752 826 causon
776 767 903 826 destruit
925 771 1008 827 artus

79 872 131 913 ares
150 856 301 915 clauditur
322 857 355 914 in
377 875 454 916 vena
477 856 585 933 gracili
608 875 685 932 quae
709 858 845 932 proxima
868 856 950 915 cordi

149 946 264 1020 pectori
286 946 423 1021 pulmoni
446 945 599 1004 stomacho
623 945 689 1004 loca
713 945 852 1004 continet.
889 946 981 1004 huius

150 1035 258 1112 collige
281 1034 368 1112 signa
391 1036 444 1094 siti
466 1035 573 1109 nimia,
596 1034 750 1112 nigredine
773 1035 910 1112 linguae,

150 1124 274 1182 fervoris
298 1123 432 1197 flemma,
456 1123 579 1182 stimulo
602 1124 775 1183 vehemente
799 1123 924 1197 doloris,

150 1213 240 1288 pulsu
263 1213 359 1273 veloci
382 1213 456 1272 duro
480 1214 534 1289 qui
556 1213 676 1272 fortiter
698 1214 794 1271 instat

79 1316 133 1356 areo
151 1304 181 1360 et
204 1301 319 1378 crebre,
343 1302 438 1361 mixta
459 1300 544 1360 tenui
566 1301 756 1360 mediocriter
778 1305 870 1377 atque

150 1409 291 1467 spumosa
314 1386 539 1464 faece‘iecoris,
561 1390 723 1449 tinnitibus
747 1391 828 1450 auris

149 1480 320 1556 insompnes
344 1480 437 1539 oculis
460 1481 550 1538 horas
574 1479 749 1538 ducentibus
773 1497 888 1554 omnes,

151 1573 181 1628 et
202 1569 321 1628 modica
342 1571 446 1645 requie
470 1568 665 1627 —rutilans
689 1586 797 1628 aurora
821 1567 879 1626 diei

150 1659 310 1734 praenotat
333 1658 508 1730 adventum,
531 1658 558 1716 si
580 1657 725 1734 palpebra
747 1677 868 1716 munere
893 1656 1011 1732 sompni

80 1761 132 1801 ares
151 1747 275 1824 gaudet,
298 1749 330 1804 in
352 1746 457 1824 ignitis
480 1748 639 1805 versantur
662 1747 798 1822 sompnia
821 1746 957 1804 flammis.

151 1835 284 1895 Accusat
306 1836 436 1895 coleram
458 1835 550 1895 facies
574 1835 682 1894 citrino
704 1835 811 1894 rubore

151 1927 324 1999 commixto,
348 1925 433 1984 dolor
454 1925 486 1983 in
510 1924 615 1983 dextra
637 1925 705 1999 plus
728 1926 814 2000 purte
837 1923 985 2000 flagellat,

150 2013 335 2090 infestatque
358 2017 449 2089 caput
472 2005 596 2087 nimius,
619 2017 781 2089 venterque
805 2012 923 2072 rebellis

151 2104 295 2162 materiae
319 2105 429 2162 retinet
453 2122 529 2178 quae
553 2103 667 2162 solvere
690 2104 756 2161 iure
779 2105 910 2176 tenetur,

80 2205 134 2245 esec
151 2193 294 2250 exardent
317 2192 398 2250 oculi
420 2193 547 2250 rutilans
572 2209 646 2268 quos
669 2192 790 2251 flamma
812 2189 931 2249 ruboris

152 2281 299 2355 accendit,
321 2282 431 2358 pungit
454 2282 568 2340 colerae
592 2281 676 2339 furor
699 2284 730 2339 et
751 2280 848 2356 magis
871 2279 966 2338 instat

150 2370 197 2429 his
221 2372 370 2446 punctura
392 2370 466 2430 locis
488 2370 542 2428 ubi
565 2389 656 2430 causa
679 2372 786 2429 nociva
808 2369 934 2427 locatur.

150 2459 219 2518 huic
243 2458 383 2519 adiuncta
405 2459 485 2518 malo
510 2461 581 2517 sunt
604 2461 702 2518 aestas
725 2460 817 2532 sicca,
839 2457 979 2517 iuventus

224 2616 292 2664 2181
307 2610 351 2665 vel
365 2611 403 2680 pl.
414 2611 447 2664 fr.
458 2611 488 2664 d:
504 2610 657 2680 frigescens
672 2609 758 2679 plaga
773 2612 833 2678 (om.
843 2609 897 2676 vel)
914 2610 930 2663 b
944 2607 953 2679 11
968 2612 1037 2660 2188
1053 2606 1168 2660 cretica:

151 2682 187 2748 of.
206 2681 309 2736 Simon.
332 2699 353 2737 s.
378 2683 498 2736 creticus
522 2681 582 2735 dies
609 2698 626 2735 a
650 2682 715 2735 crisi
738 2681 756 2735 i.
780 2680 958 2734 indicativus.
996 2678 1044 2732 sed
1070 2693 1170 2747 grecus

152 2753 266 2806 criticus

223 2829 293 2877 2184
318 2825 392 2878 rubr.
419 2823 460 2877 De
486 2839 606 2878 causone
631 2824 647 2877 b
678 2823 688 2895 11
720 2828 789 2877 2185
817 2823 847 2876 in
872 2838 943 2876 vena
972 2820 1072 2889 gracili
1091 2845 1119 2864 =
1138 2818 1169 2871 in

152 2894 324 2948 tenuissimis
348 2894 549 2964 (subtilissimis
573 2897 625 2962 Io.)
644 2894 722 2949 venis
746 2894 801 2947 oris
824 2892 962 2947 stomachi
990 2891 1081 2945 cordis
1105 2889 1170 2958 pul-

151 2967 241 3020 monis
265 2968 294 3019 et
317 2967 408 3035 epatis
427 2967 501 3021 Plat.
521 2968 591 3034 (Io).
624 2966 653 3019 in
676 2966 754 3019 venis
779 2965 856 3019 cordi
873 2964 973 3018 vicinis
993 2964 1083 3018 Cous.
1102 2963 1170 3015 etot.

152 3043 206 3104 7,2
228 3037 237 3109 11
261 3042 330 3091 2190
349 3039 437 3091 mixto
457 3039 472 3092 b
495 3037 505 3109 11
528 3042 596 3090 2191
616 3036 726 3104 yecoris
745 3037 761 3090 b
782 3038 785 3106 1
807 3051 887 3089 aures
906 3037 922 3090 b
944 3034 954 3107 11
977 3030 1170 3101 2194119111-

151 3108 240 3177 pebra
258 3127 308 3161 m:
328 3109 377 3162 sed
396 3108 534 3178 palpebra
551 3124 666 3161 munere
685 3109 709 3175 b,
728 3107 820 3161 morbi
838 3107 928 3175 (mole)
951 3120 1066 3159 munere
1085 3105 1104 3158 d
1123 3106 1169 3172 (m.

153 3180 177 3233 si
202 3196 316 3235 munere
338 3181 428 3248 Dur).
469 3181 504 3245 cf.
526 3182 567 3233 Io.
588 3179 699 3247 requies
725 3177 811 3232 nulla.
852 3178 927 3232 circa
951 3193 1033 3229 mane
1058 3174 1170 3229 modica

151 3252 278 3305 remissio
301 3252 311 3323 11
335 3256 404 3305 2196
429 3250 529 3304 citrino
553 3251 572 3304 d
595 3250 829 3321 1-1891112197
855 3249 1006 3302 commixta
1029 3248 1044 3301 b
1066 3247 1076 3318 11
1099 3250 1170 3299 2198

152 3323 256 3375 nimius
281 3323 312 3377 d:
338 3322 441 3375 nimius
468 3321 544 3375 color
569 3322 654 3391 (odd.)
681 3322 696 3375 b
720 3320 730 3392 11
755 3325 824 3375 2199
850 3320 969 3374 materie
1054 3318 1115 3371 iure
1141 3318 1169 3371 b:

152 3394 252 3446 nature
270 3436 275 3447 .
290 3437 296 3447 .
311 3436 316 3447 .
333 3393 396 3446 iura
419 3395 437 3447 d
461 3392 471 3465 11
496 3397 565 3445 2208
589 3394 629 3446 sic
651 3393 682 3458 d,
708 3392 755 3446 sed
778 3393 794 3446 b
815 3393 895 3446 habet
917 3391 964 3444 hic
988 3387 1069 3443 addit
1094 3387 1170 3442 malo

283 3464 289 3475 ·
364 3466 377 3494 o
430 3464 436 3475 ·
562 3463 567 3475 ·
715 3469 726 3477 ·
761 3465 781 3493 m
993 3462 999 3474 ⁹

146 3459 1171 3602 §diggiiionsiieitusrlirctaplriiirbbibririuibbtenibiifs,Ocloidtrirrbmicrir'pieiig
