2466 3848
122 195 165 265 93
480 192 594 247 aaron
612 191 780 247 ammons

122 342 326 419 suppeditavit
349 360 432 402 onus.
470 361 539 421 ergo
564 344 617 420 qui
639 342 786 402 morsibus
809 344 902 402 instet

122 431 251 508 obliquis
276 431 302 492 si
323 431 425 492 livoris
449 431 595 491 detractio
619 434 755 491 nostrum

51 535 103 576 assa
123 521 309 581 subsannans
333 521 532 597 condempnat
555 540 642 596 opus,
667 524 694 580 si
715 521 792 580 forta
816 520 953 580 cachinni

122 612 281 669 materiam
305 611 444 686 quaerat,
466 613 503 668 tu
525 614 681 687 promptus
705 610 825 670 verbere
848 610 937 671 verbo

122 701 163 759 sis
186 698 261 758 mihi
282 719 337 775 pro
361 719 461 773 muro,
484 699 593 777 gladiis
618 700 771 777 accingere
793 701 860 759 iura

122 788 149 848 si
171 806 300 865 nequeas
324 807 459 848 sermone
481 807 565 847 meae
589 788 746 848 defendere
770 807 884 849 causae.

194 963 263 1011 2353
282 959 372 1011 honus
392 959 509 1027 (iterum)
529 958 631 1027 tiqui
650 959 678 1012 t:
698 959 722 1011 si
741 959 760 1012 d
777 957 788 1030 d
805 963 875 1011 2354
894 958 1021 1012 nosterd
1039 956 1048 1028 d
1067 962 1137 1011 2355

123 1029 322 1098 condempnat:
341 1031 382 1084 sic
400 1030 435 1084 bd
451 1028 461 1101 tl
480 1033 548 1082 2³5⁷
569 1029 727 1098 accingere:
747 1031 786 1084 sio
800 1029 962 1099 succingere
976 1031 1048 1097 puta.
1061 1028 1136 1100 2461

122 1101 185 1154 iura
204 1102 240 1156 bd
257 1099 271 1184 ll
294 1104 364 1154 2358
383 1117 445 1154 mee
465 1100 491 1154 d.
506 1105 537 1156 c'e
556 1101 584 1155 b:
605 1117 698 1155 meam
722 1100 748 1154 d.
769 1118 881 1154 cansam
899 1101 926 1155 d.
959 1100 1088 1168 Sequitur
1106 1101 1139 1154 iu

123 1172 279 1240 bExpliort
295 1171 416 1226 viations
436 1171 533 1240 egidii,
550 1173 598 1227 sed
616 1172 635 1225 d
652 1189 747 1226 uocem
765 1172 855 1226 adhuc
873 1171 953 1226 addit
970 1188 1071 1237 aereus,
1090 1173 1139 1240 qui

123 1245 237 1298 alteram
256 1245 413 1298 coutiueamt
431 1244 585 1298 clausulam
602 1243 709 1314 frigida
728 1244 881 1298 imitatione
893 1243 998 1309 factam
1012 1243 1049 1296 od
1065 1259 1138 1296 meu·

123 1322 175 1370 tem
194 1315 303 1384 prologi
325 1316 456 1369 carminis
474 1315 613 1386 Epidiaui
635 1316 669 1370 rie
687 1331 770 1385 comp.
786 1315 853 1370 mea.
868 1315 923 1381 IV,
937 1318 1061 1369 59-69.
1094 1329 1140 1369 eos

123 1387 229 1440 colibet
246 1387 318 1441 Dor.
330 1402 360 1454 p.
371 1390 437 1441 195:

248 1473 337 1541 Zoile,
355 1491 430 1528 nuno
448 1477 541 1528 tecum
560 1475 631 1528 mihi
650 1475 688 1528 sit
706 1491 796 1529 sermo
814 1474 939 1528 ultimus.
972 1475 1031 1528 alta

247 1546 319 1600 livor
338 1546 410 1612 adit,
428 1545 581 1600 virtutibus
599 1546 720 1613 invidet,
741 1546 829 1600 ardua
849 1545 947 1614 carpit.

249 1618 272 1670 si
290 1633 355 1671 mea
373 1617 460 1671 livore
478 1617 644 1687 perstringis
664 1617 803 1684 earmina,
823 1619 962 1671 monstras

247 1688 300 1742 hoe
319 1688 381 1755 ipso
400 1688 475 1756 qnod
494 1688 578 1742 lande
596 1689 700 1755 nitent,
720 1688 795 1756 quod
814 1689 911 1742 laurea
929 1689 1018 1741 nostri

249 1759 380 1812 carminis
400 1760 532 1813 extendet
549 1759 643 1813 laudis
662 1759 755 1813 decus.
788 1776 854 1830 ergo
872 1775 976 1827 repone

249 1829 357 1897 spicula
375 1830 478 1884 livoris.
511 1847 578 1884 nam
596 1847 679 1899 quem
698 1832 874 1899 prosternere
897 1830 968 1885 livor

248 1901 349 1954 nititur
367 1901 489 1969 extollit,
509 1903 538 1956 et
558 1902 633 1970 qnod
652 1903 735 1956 nocet
753 1902 869 1970 expedit
887 1902 970 1956 hosti.

249 1989 312 2026 cum
330 1973 421 2027 laedit
439 1974 533 2040 sanat,
552 1990 616 2026 cum
636 1973 725 2027 saevit
743 1972 857 2028 verbere
876 1973 994 2039 mulcet,

249 2061 312 2098 aum
331 2044 415 2112 culpa
434 2043 546 2112 eulpam
565 2045 692 2112 redimit,
711 2061 774 2098 cum
794 2044 911 2099 crimine
930 2045 1043 2098 crimen.
