2466 3848
131 210 176 275 54
584 206 698 261 acron

131 359 230 416 nescia
254 376 395 416 carnosae
417 358 518 431 molis,
542 358 624 417 color
647 359 707 416 oris
731 358 849 417 adulter

61 470 112 508 1295
131 466 209 506 nunc
232 465 350 506 croceus
375 446 553 523 quandoque
577 448 689 520 virens,
713 447 801 505 urina
824 465 950 523 superne

130 537 255 596 livorem
277 537 356 614 gerit
378 535 536 594 obscurum
558 535 609 594 sed
632 536 701 594 rufa
725 535 863 595 deorsum

131 625 177 684 vel
201 626 297 702 magis
320 624 439 685 intensa
461 624 643 702 pinguedine
667 623 796 684 turbida.
843 624 971 702 Signant

130 715 203 773 haec
225 715 370 791 ydropem
393 733 500 773 nomen
524 713 572 772 cui
595 716 752 790 praestant
774 714 924 790 timpum,
948 714 1031 772 cuius

132 804 222 861 efficit
245 802 370 863 ariditas
394 805 492 861 ortum
516 803 674 862 coniuncta
697 803 802 878 calori,

61 914 112 952 0000
132 892 243 950 ventris
266 893 435 969 inoppilaus
459 895 573 967 tumor,
596 896 627 950 et
648 892 821 952 macilentia
843 893 940 968 partis

132 985 280 1040 extremae
304 980 374 1040 colli
396 999 538 1039 manuum
561 1000 650 1039 coxae
674 981 776 1056 faciei,

131 1070 265 1128 aemulus
287 1071 320 1128 in
342 1070 428 1130 vultu
452 1089 572 1129 croceus
596 1070 677 1129 color
700 1073 790 1146 atque
813 1069 906 1130 virori

131 1178 355 1235 nonnumquam
378 1160 493 1218 similis.
530 1177 686 1235 percussus
709 1159 845 1236 timpana
868 1161 972 1218 venter

131 1250 316 1325 praesentat,
339 1249 435 1308 faeces
459 1248 555 1324 epatis
579 1249 676 1325 caligo
700 1267 827 1325 superne

61 1358 112 1396 1305
131 1337 265 1411 obducit,
292 1337 417 1396 fundum
440 1337 532 1397 rubor
555 1341 682 1414 occupat
704 1341 735 1397 et
756 1338 934 1397 mediocrem

130 1447 184 1501 per
206 1429 311 1502 potum
333 1427 490 1486 mediocris
514 1446 581 1485 eum
605 1427 775 1486 substantia
796 1427 916 1486 format.

130 1515 244 1575 labitur
267 1516 305 1574 ad
327 1518 418 1575 testes
443 1535 527 1575 sexus
552 1516 732 1592 quandoque
754 1515 861 1575 nociva

131 1605 281 1679 crudaque
304 1605 458 1678 materiae,
483 1625 550 1664 cum
573 1604 721 1682 digestiva
744 1604 871 1676 fatiscit,

131 1694 340 1770 ingrossatque
364 1697 464 1752 tumor
487 1695 620 1771 geminos
643 1694 760 1752 fratres.
797 1693 985 1765 manifestat,

60 1803 113 1841 0000
131 1785 270 1841 naturam
294 1783 390 1841 morbi
413 1783 479 1842 sitis
501 1782 683 1841 insatiabilis
706 1785 736 1840 et
759 1801 836 1858 quae

132 1891 192 1946 quo
215 1873 310 1948 magis
334 1873 472 1930 exhaurit
493 1873 589 1948 magis
614 1872 768 1930 exhaurire
790 1872 924 1947 requirit.

204 1960 343 2019 Continet
365 1962 554 2019 ictericum
577 1961 687 2036 triplex
710 1959 817 2018 divisio
840 1958 984 2017 morbum.

132 2055 177 2108 est
200 2051 372 2127 aurigineus
395 2069 497 2110 croceo
522 2052 574 2125 qui
597 2050 729 2108 membra
752 2050 849 2108 colore

205 2191 273 2238 1294
292 2185 374 2239 molis
393 2203 431 2238 m:
451 2183 545 2237 mollis
565 2185 579 2237 b
594 2187 636 2250 (ut
653 2188 769 2250 01447)
787 2186 790 2252 Ι
808 2183 884 2236 calor
901 2184 944 2236 urb
963 2181 973 2253 ll
992 2188 1061 2236 1296
1075 2181 1148 2234 ruffa

135 2258 161 2308 b:
185 2255 245 2309 lura
267 2256 344 2324 (lma)
363 2274 390 2308 00
412 2256 422 2326 ll
446 2255 728 2309 1090000010
749 2258 752 2323 Ι
773 2256 888 2307 incensa
907 2255 930 2319 b,
955 2269 1072 2306 accensa
1091 2270 1117 2306 00
1140 2252 1150 2323 Η

133 2368 201 2414 1208
220 2363 295 2416 rubr.
316 2363 403 2430 Signa
420 2363 578 2430 timpanitis
597 2381 624 2414 00
641 2367 644 2429 l
660 2362 801 2428 Ydropem
822 2339 841 2413 d
859 2378 893 2426 00,
919 2361 936 2411 li
956 2360 1063 2429 ydrope
1082 2378 1147 2414 nom

133 2435 148 2486 b
166 2434 175 2504 gl
195 2437 264 2486 1300
283 2432 444 2502 inoppilaus
455 2436 500 2500 (?):
519 2433 632 2500 iopinus
652 2435 710 2501 (sic)
727 2434 770 2486 cub
791 2434 897 2500 (venter
968 2430 1081 2485 inflatus
1098 2434 1149 2486 sed

132 2505 237 2558 tensior
256 2522 339 2572 quam
358 2505 388 2557 in
407 2504 506 2558 asclite
522 2506 607 2572 Prae.)
630 2504 640 2574 l!
661 2509 729 2557 1306
747 2506 837 2574 ppotu
856 2504 884 2557 b:
903 2505 986 2572 ptoti'r
1005 2521 1032 2556 00
1048 2505 1051 2572 l
1069 2508 1103 2558 eir
1122 2522 1149 2558 00

133 2578 200 2643 (scil.
219 2578 318 2630 000000
340 2577 482 2644 fundum:
507 2581 541 2628 ed
560 2576 575 2628 b
600 2575 691 2643 (urina
714 2575 777 2628 rufa
795 2575 840 2628 vel
863 2573 980 2628 subrufa
1003 2576 1033 2628 et
1055 2576 1148 2629 tenuis

133 2649 217 2713 Plot.)
235 2647 245 2718 ll
264 2652 332 2700 1301
353 2648 390 2700 ad
407 2649 506 2701 testes:
529 2648 564 2714 cf.
579 2648 612 2700 de
630 2648 714 2701 ascite
734 2647 801 2700 Gar.
817 2649 893 2713 5,12
910 2645 919 2715 ll
939 2650 1008 2699 1308
1026 2646 1147 2716 fatiscit]

131 2721 175 2772 bic
198 2720 298 2773 desiuit
321 2737 361 2785 00,
384 2722 432 2787 qai
453 2720 537 2773 rubro
560 2719 706 2772 subsmibc't
723 2718 847 2785 Explicit
869 2716 942 2771 liber
960 2717 994 2770 de
1013 2717 1100 2785 signis
1120 2720 1149 2769 et

132 2790 224 2842 causis
243 2790 359 2843 metrice
379 2791 437 2858 (abi
454 2791 524 2843 00010
543 2789 608 2858 lcyit
627 2791 712 2843 Muri·
730 2788 850 2854 Incerta,
874 2789 947 2842 unde
964 2788 1068 2842 lncerti
1088 2789 1147 2842 scil.

133 2861 254 2914 auctoris
284 2863 416 2915 aberrans
446 2862 614 2930 Darecrberq
641 2878 671 2928 p.
695 2863 756 2927 175)
788 2863 910 2928 sequitur
938 2867 1002 2928 poet
1032 2875 1148 2913 0000000

132 2933 234 2987 lincam
251 2933 364 2986 rubrica
384 2949 456 2986 0000
473 2933 539 2986 haec
552 2931 656 2985 Versus
675 2931 853 3000 magistrales
876 2931 885 3003 ll
909 2935 978 2984 1310
998 2933 1026 2985 et
1045 2946 1116 2998 quae
1143 2931 1145 2993 l

133 3021 200 3071 quo:
220 3003 305 3070 atque
326 3003 329 3075 l
352 3009 370 3071 q'
389 3005 412 3057 b.
450 3003 485 3069 cs.
502 3002 569 3056 Gor.
585 3007 660 3068 5,12
679 3007 744 3070 (quo
763 3004 894 3057 educitur
913 3004 966 3069 Io.)

206 3079 273 3127 1312
290 3076 365 3129 rubr.
380 3073 504 3128 therici
519 3074 627 3141 species
641 3090 725 3126 cause
740 3073 829 3143 signis
842 3074 981 3142 patefiunt
995 3075 1010 3127 b
1027 3075 1031 3140 Ι
1047 3073 1148 3142 ycteri·

133 3164 195 3198 cum
220 3148 342 3214 (semper)
367 3147 382 3199 b
406 3148 410 3214 Ι
432 3144 548 3213 triplex:
575 3146 609 3211 cf.
630 3145 713 3215 Epid.
732 3147 764 3198 r'n
787 3151 933 3199 aeramento
956 3161 998 3198 00.
1017 3161 1041 3198 c.
1060 3147 1115 3198 206
1139 3143 1149 3214 ll

134 3223 202 3270 1313
222 3217 445 3286 auri(u)giueus:
470 3216 600 3285 aurigans
622 3218 637 3271 b
656 3218 727 3270 sicut
744 3217 817 3270 Plot.
837 3217 868 3269 00
887 3215 954 3270 coll.
966 3216 1041 3271 Vrot.
1062 3214 1103 3281 (0.
1119 3215 1147 3269 S.

133 3290 176 3353 11,
188 3291 255 3355 293)
274 3294 300 3342 et
317 3289 348 3342 irc
366 3288 423 3342 cod.
439 3288 514 3341 Berl.
529 3304 572 3355 qu.
587 3292 637 3353 24,
655 3290 687 3342 ia
705 3288 779 3341 Plat.
800 3287 839 3340 ed.
859 3287 1015 3356 auriginm,
1034 3283 1148 3338 morbus

128 3359 309 3425 auriginosus
332 3360 409 3427 aprcd
433 3358 500 3412 Gar.
521 3363 600 3426 5,13
623 3376 657 3414 ec
680 3359 745 3412 Eae.
770 3358 855 3426 (quod
880 3365 972 3412 tomen
996 3373 1046 3411 one.
1071 3357 1146 3410 codd.

109 3425 187 3487 AM·
211 3428 303 3494 eard,
329 3431 395 3484 rtem
411 3431 544 3486 1000000,
582 3437 621 3485 cat
643 3430 678 3485 ab
701 3429 799 3498 aurigo
822 3427 950 3483 ictericis
972 3443 1071 3482 crocea
1094 3443 1148 3494 que

89 3494 234 3546 generali
245 3499 391 3555 vocabulo
404 3505 536 3572 vocatur,
549 3510 582 3560 ut
594 3505 637 3560 ait
644 3503 769 3576 Epidius
780 3503 812 3556 ia
823 3506 968 3557 cornrueato
977 3516 1022 3554 ar.
1029 3502 1149 3554 c.2⁰6=

81 3563 197 3622 ”⁷⁷”1eo
208 3562 290 3620 Casa
301 3569 411 3642 Fadp.
419 3581 486 3647 128,
499 3583 540 3635 10
549 3580 610 3651 (cit,
622 3579 693 3636 sim.
705 3595 725 3633 s.
738 3574 863 3645 aurigol.
890 3572 927 3640 cf.
935 3571 1004 3624 laid.
1013 3576 1048 3623 et.
1057 3573 1159 3634 matt
