2466 3848
116 196 207 251 XXVI

117 347 312 427 Moguntinae
334 341 453 430 (Sancti
475 341 645 431 Michaelis)
669 369 728 427 quo
753 352 901 410 terrarum
928 350 1063 410 delatum
1092 353 1133 412 sit

116 440 282 516 ignoratur.
327 437 438 496 etenim
459 457 528 498 cum
550 439 639 499 huius
661 439 858 500 bibliothecae
884 440 962 500 male
985 443 1133 501 tractatae

116 527 252 603 reliquiis
277 545 353 603 quae
376 545 456 587 nunc
479 530 550 587 sunt
571 527 703 588 civitatis
721 529 916 608 Moguntinae
940 529 1030 590 etiam
1053 549 1133 590 nunc

116 618 252 677 servatur
270 617 357 675 vetus
376 617 532 695 catalogus
555 617 685 695 scriptus
706 636 782 677 saec.
800 610 882 694 XV⁰,
903 617 936 676 in
960 636 1019 696 quc
1042 620 1133 679 refer·

116 708 168 765 tur
181 705 245 772 ‚sub
268 723 390 764 numero
415 699 595 765 Ὃ.ΠΠ.Τ’
619 698 666 787 (id
693 709 739 766 est
761 707 857 766 Tertii
883 706 993 767 codicis
1019 708 1132 768 ordinis

116 794 192 869 ΠΠ,
219 795 251 852 in
273 793 421 853 medicina
444 815 535 873 quam
558 792 583 854 Ο
606 795 708 855 littera
731 795 919 874 significabat
941 815 995 873 per
1016 796 1134 855 I—XV

117 883 251 943 ordinem
270 876 430 962 disposita)
446 878 599 945 ‘Viaticus
613 884 714 962 Egidii
734 884 769 944 de
787 886 884 945 causis
902 887 933 944 et
946 885 1040 964 signis
1054 905 1133 947 mor·

116 973 222 1032 borum
238 964 248 1054 d
263 966 422 1049 palpebra'
436 966 479 1054 (v.
491 977 508 1032 7
514 967 556 1053 6).
585 968 818 1051 ‘Compendium
835 974 874 1036 M.
890 973 1007 1033 Salerni
1020 966 1031 1056 d
1047 973 1133 1034 (lom-

116 1061 256 1138 peudium
284 1080 373 1137 super
399 1061 519 1122 tabulas
547 1062 586 1122 M.
606 1062 731 1122 Salerni.
754 1062 964 1123 Antidotarius
987 1058 1133 1123 Nicolai’.

117 1152 160 1211 sic
176 1151 241 1227 ipse
259 1150 434 1228 Mogrmtiae
453 1151 575 1212 enotavi
597 1171 624 1211 a.
640 1153 735 1227 1887,
757 1152 810 1212 sed
832 1151 917 1229 prius
939 1152 1000 1212 iam
1023 1152 1134 1213 codicis

116 1240 206 1300 huius
235 1240 378 1317 Egidiani
409 1241 549 1300 notitiam
582 1240 704 1301 dederat
734 1241 783 1300 Fr.
808 1240 876 1300 Lor.
903 1241 1065 1301 Hoffmann
1097 1261 1134 1300 ex

117 1330 290 1407 apographo
320 1328 452 1406 catalogi
477 1329 648 1390 Gartusiani
670 1330 904 1390 Uffenbaohiano
934 1349 1014 1390 nunc
1040 1331 1133 1389 Ham-

116 1418 259 1496 burgensi
288 1411 467 1499 (Serapeum
497 1421 582 1479 1854
612 1441 641 1496 p.
669 1413 756 1500 319).
806 1423 1002 1479 numerantur
1031 1422 1134 1479 autem

117 1508 173 1567 sub
201 1506 226 1567 Ο
253 1507 418 1567 medicinae
449 1508 564 1567 codices
595 1510 646 1583 58,
677 1529 805 1584 quorum
834 1527 912 1567 nunc
945 1511 986 1567 14
1013 1511 1133 1568 tantum

116 1597 277 1671 habentur,
300 1596 353 1673 qui
376 1616 444 1656 cum
467 1596 563 1657 tribus
588 1597 707 1656 aliunde
731 1596 840 1657 additis
864 1596 981 1656 faciunt
1002 1597 1133 1658 medicos

118 1686 232 1745 codices
254 1689 293 1744 17
314 1686 444 1763 catalogi
468 1705 526 1762 quo
550 1705 628 1745 nunc
646 1690 774 1746 utuntur
791 1686 988 1746 bibliothecae
1007 1686 1134 1764 Mogun-

117 1777 197 1834 tinae
227 1767 273 1854 (in
302 1774 475 1832 universum
506 1775 670 1835 exhibentis
696 1767 784 1856 651).
830 1775 882 1835 sed
904 1794 1000 1852 neque
1022 1775 1054 1834 in
1076 1775 1134 1836 hoc

117 1863 256 1941 catalogo
288 1881 342 1922 nec
372 1862 434 1921 iam
465 1864 497 1921 in
529 1883 563 1923 eo
596 1884 655 1940 quo
687 1867 843 1941 tamquam
869 1864 952 1923 fonte
979 1859 1030 1945 (ut
1056 1866 1135 1924 esset

116 1953 240 2033 tertius)
275 1951 339 2027 ipse
376 1952 512 2012 conditus
547 1952 605 2013 fuit
640 1957 710 2029 post
742 1956 874 2013 veterem
907 1945 1036 2034 (saeculi
1062 1945 1133 2032 XV)

118 2043 227 2115 altero,
250 2043 305 2117 qui
327 2041 501 2100 inscribitur
520 2036 615 2101 ‘Ordo
639 2042 880 2103 collocandorum
903 2043 1048 2102 librorum
1070 2061 1133 2100 ma-

117 2130 337 2208 nuscriptorum
370 2132 402 2189 in
433 2130 615 2191 bibliotheca
645 2130 799 2192 Oartusiae
828 2132 1022 2209 Moguntinae
1055 2150 1134 2191 anno

117 2214 346 2280 MDGOXVIH'
366 2212 427 2301 (no.
444 2215 600 2300 1-650),
622 2220 788 2299 Egidianus
808 2221 859 2279 ille
878 2220 954 2279 liber
972 2223 1134 2296 comparet,

117 2328 171 2368 neo
193 2308 273 2367 idem
303 2311 349 2368 est
378 2328 445 2367 oum
475 2309 598 2369 alterius
625 2309 774 2369 cartusiae
797 2309 1024 2368 Buxheimensis
1046 2307 1134 2383 libre,

118 2400 172 2474 qui
195 2396 321 2456 eundem
344 2397 458 2456 Viatici
479 2417 591 2458 novum
612 2398 735 2474 praebet
756 2399 890 2457 titulum.

190 2486 289 2546 (lodex
301 2484 483 2544 Berlinensis
497 2486 549 2546 lat.
561 2507 608 2563 qu.
621 2488 683 2548 592
696 2480 853 2569 (foliorum
866 2477 943 2567 100)
958 2505 993 2543 ex
1007 2483 1133 2544 diversis

118 2576 282 2651 fasciculis,
306 2575 540 2635 membranaceis
564 2577 685 2652 quidem
708 2576 823 2636 duobus
847 2568 1133 2657 (f.1—16—34)

118 2665 234 2725 duobus
260 2664 366 2723 deinde
394 2665 558 2724 chartaceis
582 2657 929 2747 (f.35-75—100),
957 2682 1010 2723 nec
1037 2661 1133 2723 solido

117 2754 216 2832 ligneo
240 2754 293 2813 sed
315 2754 382 2813 folii
401 2753 619 2814 membranacei
640 2755 754 2814 incerto
772 2756 946 2831 tegumento
965 2751 1133 2829 antiquitus

117 2845 150 2902 in
168 2861 263 2901 unum
281 2846 463 2920 compactus,
485 2846 522 2901 ut
539 2843 571 2902 in
589 2844 686 2920 primo
705 2843 778 2902 folio
797 2845 920 2902 notatur
943 2842 1015 2901 olim
1034 2836 1081 2900 ‘R
1100 2840 1134 2900 P.

119 2931 356 2993 Oartusiensium
382 2933 414 2990 in
436 2926 598 2992 Buxheim'
622 2927 728 3010 (prope
751 2924 992 3008 Memmingam),
1018 2929 1135 2989 medica

118 3023 231 3099 scripta
253 3023 339 3080 varia
366 3020 507 3080 continet.
552 3023 584 3079 in
612 3021 710 3098 prima
737 3021 858 3096 quidem
880 3023 966 3097 parte
988 3019 1134 3079 membra·

118 3130 209 3170 nacco
231 3110 375 3188 leguntur
396 3112 482 3169 haec:

193 3206 220 3259 1.
243 3200 396 3258 f.1-26
431 3194 649 3258 ‘Thesaurus
681 3216 879 3276 pauperum
911 3196 1008 3256 editus
1041 3214 1134 3254 a...

118 3290 203 3364 petro
231 3282 392 3365 hyspano’.
435 3289 571 3363 sequitur
598 3296 629 3346 et
655 3288 752 3347 forma
775 3289 805 3346 et
828 3286 978 3363 scriptura
1001 3283 1134 3344 diversus

119 3377 276 3452 quaternio
300 3377 475 3456 singularis,
498 3378 582 3437 cuius
605 3379 676 3436 sunt

176 3467 206 3519 2,
231 3466 447 3526 527-31b
474 3461 648 3526 ‘Tractatus
680 3465 721 3524 de
754 3462 910 3523 floribus
940 3455 1135 3520 dictarum'

78 3534 160 3611 (qai
186 3541 342 3628 ‘excerpti'
365 3576 405 3616 ex
425 3556 532 3619 Dictis
558 3549 675 3619 Ysaac’
701 3554 844 3615 dicuntur
864 3552 901 3611 in
920 3549 985 3610 cod.
1003 3550 1140 3625 hmulon.

78 3782 112 3812 ha
