2466 3848
110 141 135 194 X

108 292 207 371 egidio
222 287 415 351 corboilensi'
430 287 685 374 (quadripartitus
695 311 762 352 cum
771 292 958 369 praefatione
967 286 1128 374 prosaica),

109 385 275 457 sequuntur
289 381 380 440 etiam
391 375 551 440 ‘Instituta
564 401 643 460 mag.
650 381 754 459 hlgidii
767 381 803 440 de
817 381 935 441 iudiciis
949 377 1128 442 urinarum’.

179 471 313 530 Alterius
332 473 434 530 autem
453 472 550 546 operis
568 490 663 548 paene
680 471 800 548 gemelli
814 465 865 530 ‘de
879 466 1127 532 sinthomatibus'

109 579 146 618 00
175 561 207 617 10
237 561 305 636 ipsa
335 558 455 635 quidem
480 557 580 619 Gallia
610 579 690 619 nunc
720 559 901 635 exemplaria
930 561 1129 637 reperiuntur,

109 648 278 724 deperditus
316 647 474 707 videbatur
509 650 614 708 unicus
652 649 744 708 codex
780 647 943 708 Godofredi
976 649 1129 710 Thomasii

109 732 147 817 (†
167 735 278 812 1746),
302 756 391 813 quem
405 740 527 796 'emerat
549 731 660 818 (pretio
684 739 747 798 scil.
767 737 847 813 quod
871 738 913 797 sic
936 739 1130 798 constituitur

108 826 140 884 in
155 821 370 886 ‘Bibliothecae
381 821 610 886 Thomasianae'
621 826 780 886 aPanaero
790 826 955 904 descriptae
966 821 1128 904 ‘Appendi-

110 910 209 975 cibns'
233 915 377 975 Novemb.
396 917 479 975 1772
499 936 527 991 p.
543 918 584 974 42
609 911 643 974 ‘2
659 916 687 975 fl.
704 917 746 974 30
760 910 830 996 kr.')
855 914 922 976 Ghr.
938 914 972 974 G.
992 916 1027 976 de
1046 916 1129 975 Murr

111 1022 190 1063 0000
215 1008 309 1064 1777.
356 999 525 1073 ‘Quaerant
554 1024 633 1064 nuno
663 1005 717 1063 alii
746 1006 853 1064 harum
882 1024 982 1063 rerum
1012 1005 1129 1080 curiosi,

110 1097 140 1151 et
163 1093 188 1152 si
211 1094 328 1153 felicius
349 1113 441 1170 quam
457 1093 534 1152 mihi
551 1094 706 1172 negotium
725 1094 858 1168 cesserit,
881 1093 1033 1170 publicare
1053 1112 1128 1170 opus

109 1201 170 1241 000
206 1182 358 1256 differant,
403 1184 438 1241 ut
475 1182 602 1258 denique
639 1183 788 1259 completa
824 1183 970 1242 habeatur
1005 1183 1129 1261 Aegidii

110 1290 236 1348 operum
258 1265 366 1330 editio'
382 1305 422 1312 —
442 1271 485 1331 sic
506 1271 571 1348 ipse
590 1272 749 1348 desperans
768 1270 919 1331 Ghoulant
940 1290 1018 1331 auno
1042 1272 1127 1330 1826

111 1355 218 1442 (praef.
240 1382 268 1438 p.
283 1353 433 1441 XXXVI).
477 1381 580 1420 verum
604 1364 673 1438 post
695 1361 870 1439 octuaginta
893 1379 986 1421 annos
1010 1361 1128 1437 elapsos

111 1468 189 1508 nunc
217 1447 337 1508 demum
364 1449 506 1527 contigit,
541 1452 577 1508 ut
603 1452 660 1509 tali
687 1453 758 1510 voto
786 1450 917 1526 quodam
939 1450 1027 1510 modo
1055 1451 1128 1510 satis

111 1538 252 1598 satisfieri
269 1541 374 1615 possit.
409 1557 481 1596 nam
499 1558 558 1598 non
578 1540 674 1598 solum
692 1557 748 1617 ego
766 1558 877 1599 novum
891 1541 1041 1616 exemplar
1059 1539 1130 1599 licet

112 1628 242 1687 abscisso
273 1629 370 1704 primo
400 1627 473 1686 folio
504 1628 591 1705 quasi
620 1629 718 1705 capite
745 1630 919 1688 truncatum
940 1629 1042 1687 inveni
1064 1630 1129 1704 ipse

111 1718 191 1776 inter
209 1715 323 1776 codices
337 1716 570 1776 Buxheimenses
589 1736 624 1775 ex
641 1718 779 1776 auctione
793 1717 915 1794 publica
930 1737 948 1776 a
961 1737 1008 1776 me
1022 1717 1128 1776 biblio·

110 1806 214 1866 thecae
232 1805 333 1883 regiae
353 1806 520 1864 Berlinensi
546 1809 733 1882 comparatos
753 1824 830 1865 anno
853 1807 947 1880 1883,
967 1805 1129 1866 sedetiam

112 1896 193 1971 quod
212 1893 405 1953 delitescebat
422 1894 561 1955 volumen
576 1896 652 1954 illud
666 1895 853 1954 Murrianum
867 1895 1022 1954 fortunata
1036 1896 1129 1972 paulo

112 1985 182 2062 post
194 1983 350 2042 Wilhelmi
367 1983 470 2060 Meyer
489 1983 636 2060 Spirensis
655 2003 746 2061 opera
763 1985 925 2043 resurrexit
944 2003 1021 2043 anno
1043 1986 1128 2043 1894

114 2068 213 2152 (verz.
229 2072 281 2132 der
304 2070 462 2151 thtinger
485 2073 553 2133 Hss.
570 2073 598 2132 S.
615 2067 707 2154 510),
736 2092 771 2132 ex
793 2073 930 2149 reliquiis
953 2073 984 2131 id
1008 2073 1130 2149 quidem

112 2161 268 2221 Wilhelmi
276 2161 386 2221 Miiller
401 2154 590 2241 (professoris
602 2162 807 2240 Gottingensis
822 2157 845 2241 †
856 2155 956 2244 1890)
968 2161 1129 2238 Gottingae

114 2253 283 2311 asservatis.
333 2250 463 2310 reddidit
497 2252 554 2311 hcc
583 2251 668 2311 nobis
698 2253 821 2310 initium
848 2250 1000 2325 carminis,
1031 2252 1130 2325 ipsum

112 2344 214 2400 tamen
236 2340 409 2416 imperfecte
429 2339 587 2416 scriptum,
609 2359 715 2415 nempe
735 2341 829 2399 altera
847 2341 914 2397 tota
932 2341 1018 2415 parte
1037 2340 1130 2414 scrip·

113 2429 187 2490 toris
210 2428 310 2488 taedio
333 2429 484 2505 privatum
508 2431 650 2505 apparuit
672 2429 782 2488 collato
805 2430 890 2487 textu
908 2427 1129 2504 Buxheimensi‚

116 2519 199 2577 ouius
222 2517 345 2594 insuper
367 2519 498 2577 extrema
516 2517 666 2594 particula
684 2536 752 2577 cum
770 2517 907 2576 clausula
925 2519 1032 2593 poetae
1051 2535 1130 2577 seor·

20 2644 23 2650 ·
115 2625 180 2666 eum
194 2606 307 2682 scripta
320 2608 352 2665 in
362 2601 1130 2682 00001011001111000000000110100Ἵο0101110

114 2689 294 2755 febribne'
314 2696 503 2755 confirmavit
519 2696 679 2771 repetendo
698 2696 902 2774 fragmentum
919 2695 1031 2773 hlgidii‚
1050 2695 1131 2771 quod

113 2786 146 2843 in
156 2785 255 2844 codice
265 2784 397 2860 quodam
408 2783 569 2844 Oxoniensi
579 2776 664 2865 (olim
675 2777 1022 2866 CanoniciVenetolase
1031 2805 1130 2861 reper-

115 2878 181 2933 tum
199 2867 292 2956 (Hist.
307 2875 365 2934 litt.
382 2874 418 2933 de
436 2875 467 2932 la
485 2873 599 2934 Franco
613 2875 685 2934 XXI
705 2875 789 2933 1847
805 2895 834 2950 p.
847 2867 1037 2955 840-842)
1052 2892 1130 2933 anno

118 2964 203 3024 1853
220 2962 354 3022 ediderat
362 2962 485 3022 Carolus
494 2963 677 3041 Daremberg
691 2963 868 3040 inscriptum
882 2957 990 3040 ‘Signa
1004 2965 1034 3022 et
1043 2981 1131 3022 cause

115 3052 243 3111 febrium
253 3046 358 3129 egidii'
368 3044 452 3134 (Not.
463 3055 493 3112 et
502 3054 576 3112 extr.
585 3051 637 3113 des
646 3070 715 3113 mss.
725 3048 880 3112 me'dicaux
889 3073 918 3128 p.
932 3044 1130 3131 173-197).

115 3143 239 3217 100οροτ
262 3140 365 3200 eodem
388 3141 449 3200 fere
468 3144 601 3219 tempore
620 3138 662 3216 (a.
682 3134 783 3222 1855)
802 3140 957 3200 Erfordiae
975 3141 1007 3200 in
1025 3139 1131 3199 biblio·

115 3231 204 3290 theca
221 3229 376 3307 Amplonii
394 3221 656 3312 (†143471435),
676 3231 738 3291 scil.
752 3231 784 3289 in
803 3229 866 3290 cod.
876 3231 927 3289 101.
939 3231 1002 3288 236
1023 3223 1131 3307 (chart.

117 3312 236 3378 e.XIV²
250 3321 281 3378 et
294 3320 388 3379 studii
401 3314 585 3401 Pragensis)‚
598 3339 711 3380 novum
726 3338 780 3398 ego
795 3338 983 3395 reppereram
997 3317 1132 3376 libellum

96 3405 292 3474 Egrmannm
312 3401 445 3488 (‘Metra
458 3408 562 3489 Egidii
580 3409 616 3469 de
633 3402 887 3489 physonomiis'),
906 3407 957 3486 qui
976 3425 1007 3466 se
1026 3401 1132 3483 ‘quar-

76 3483 150 3541 tam
162 3483 176 3508 ³
184 3489 223 3547 1'11
232 3497 374 3574 Prologo
389 3499 458 3577 ipse
472 3501 594 3563 fatetur
609 3500 647 3562 de
662 3499 758 3581 signis
770 3517 892 3559 morum
902 3491 950 3578 iet
960 3487 1132 3576 0110010001)
