2466 3848
556 211 724 266 VIATIOUS

137 359 278 418 delictum
301 360 480 440 digestivae,
503 381 593 439 sapor
616 362 675 422 oris
699 381 847 439 acescens,

136 450 273 509 ructatus
296 448 392 526 crudi,
415 450 563 527 pulsantis
587 452 703 511 tardior
724 448 816 526 ictus,

138 539 277 613 arteriae,
300 540 411 616 splenis
434 542 517 618 regio
541 541 690 618 gravitate
712 541 840 617 repleta,

92 648 118 688 so
136 627 276 704 segnities
300 629 420 704 capitis,
444 628 578 707 gravitas
601 648 727 690 onerosa
749 630 883 689 ciborum

136 717 272 776 exactiva
293 719 388 778 fames
411 720 557 778 stomachi
581 739 672 795 quam
694 721 822 780 suscitat
845 721 938 798 algor.

205 805 318 866 Urinae
342 809 441 866 tenuis
464 808 633 868 substantia
656 809 749 867 cruda
772 810 882 883 colore,

135 895 251 954 ventosi
274 897 420 956 stomachi
443 896 536 972 dolor,
558 897 720 975 indigestio
743 917 846 956 renum

136 986 166 1041 ct
188 1002 277 1044 coxae
301 986 447 1064 gravitas,
470 986 598 1046 motivos
621 991 725 1062 torpor
748 987 786 1046 ad
809 991 906 1061 actua,

91 1092 117 1132 55
135 1070 173 1129 ad
196 1074 316 1149 pulsum
338 1074 461 1134 tardans
485 1095 626 1135 venarum
650 1077 756 1151 motio,
779 1077 873 1134 fallax

135 1161 257 1223 affectus
280 1164 427 1224 stomachi
451 1184 539 1241 quem
562 1165 651 1223 noxia
674 1166 759 1224 ducIt
780 1166 811 1223 in
835 1167 936 1224 actum

134 1251 298 1329 frigiditas,
322 1254 475 1312 stomacho
499 1255 656 1313 dominans
679 1254 857 1314 intrinsecus
881 1254 966 1332 algor

134 1341 296 1415 sensibilia,
320 1340 405 1401 crudi
426 1346 543 1418 ructus,
565 1344 654 1401 urina
677 1343 799 1422 globosa

133 1430 272 1507 inferius,
295 1432 411 1508 pallens
434 1431 539 1506 facies,
563 1434 729 1492 extrinseca
752 1432 872 1491 laedens

89 1539 116 1577 co
133 1518 299 1596 frigiditas,
321 1539 420 1580 escam
442 1521 587 1580 comitans
610 1522 726 1582 inflatio
749 1521 863 1581 ventris

134 1607 225 1685 longa
246 1627 383 1684 maneria,
405 1611 495 1670 vitrei
517 1612 579 1670 vim
603 1611 789 1690 flegmatis
813 1612 873 1669 ista
896 1611 1035 1688 figurant.

205 1697 356 1758 Uberioris
378 1699 491 1759 habent
513 1701 586 1760 haee
609 1702 716 1759 nuntia
740 1699 929 1778 sanguinis
952 1717 1015 1759 esse

133 1806 209 1845 vena
231 1790 362 1861 tumens,
385 1789 472 1847 velox
495 1789 598 1865 pulsus
622 1809 711 1866 quem
733 1789 840 1848 fortior
862 1789 939 1848 ictus

133 1874 248 1934 inducit
270 1896 338 1936 raro
362 1879 496 1953 veniens,
520 1880 573 1954 qui
595 1880 728 1938 molliter
749 1879 865 1938 instans

88 1981 113 2021 as
133 1963 294 2025 blanditur,
310 1965 427 2043 digitis,
450 1967 631 2045 pinguedine
655 1969 752 2044 spissa
776 1969 872 2027 colore

133 2053 240 2112 citrino
262 2055 390 2114 rutilans
413 2056 514 2130 urina,
536 2056 628 2115 rubor
651 2056 752 2130 faciei,

132 2144 198 2202 faex
222 2144 369 2202 stomachi
391 2145 486 2204 fetore
509 2147 623 2222 gravis,
649 2144 772 2204 dulcedo
796 2145 931 2221 palatum

132 2233 296 2306 delectans,
319 2232 427 2291 frontis
451 2233 598 2311 gravitas,
621 2232 750 2292 fecunda
772 2233 880 2292 rubore

132 2340 207 2379 vena
231 2322 321 2395 oculi,
346 2321 447 2381 crebro
470 2322 575 2396 facies,
598 2323 766 2382 rubicunda
789 2341 909 2399 sopores

86 2426 112 2464 io
131 2428 256 2485 corpora
279 2414 513 2471 commemorant
535 2414 565 2470 et
588 2414 708 2490 fulgura
731 2413 809 2471 falsa
831 2413 969 2489 figurant.

203 2497 243 2558 Os
266 2499 375 2573 livens,
399 2519 465 2560 acer
488 2519 589 2577 sapor,
612 2501 786 2580 indigestio,
809 2502 927 2576 pondus

202 2656 236 2706 48
255 2654 365 2705 rutatos
384 2670 411 2705 m
429 2658 437 2720 l!
456 2659 490 2704 60
509 2654 646 2706 honerosa
664 2672 690 2708 ru

202 2729 235 2776 52
254 2725 329 2779 rubr.
344 2723 427 2777 vitrei
450 2722 590 2792 flegmatis
613 2725 695 2793 signa
719 2724 784 2777 XIII
807 2742 833 2778 m
850 2725 863 2799 l*
889 2730 922 2775 63
941 2725 1072 2775 ventosus
1092 2741 1117 2775 m
1136 2723 1145 2792 ll

130 2801 164 2848 56
184 2812 281 2864 quem:
302 2800 359 2863 qim
378 2796 435 2863 (sic)
455 2812 482 2848 m

201 2872 234 2920 62
253 2867 327 2923 rubr.
351 2863 542 2919 habundantia
571 2866 715 2936 sanguinis
746 2867 827 2936 signa
852 2865 877 2918 X
904 2884 939 2920 m.
988 2868 1022 2933 cs.
1049 2868 1087 2918 Io.
1112 2866 1144 2919 de

129 2938 261 2992 arculo
280 2939 311 2991 ia
330 2938 465 2993 breviario
484 2938 517 3004 (f.
528 2941 592 2999 118)
611 2940 643 2992 s'a
657 2940 780 3006 proemio
798 2939 862 2992 libri
875 2939 897 2992 Ι
912 2937 942 2990 Si
963 2937 1076 3006 sanguis
1096 2937 1144 2988 ha-

129 3007 244 3090 bundet,
262 3024 333 3064 vene
347 3010 412 3063 sunt
425 3007 516 3077 plene,
535 3007 632 3077 pulsus
647 3027 765 3079 magnus
778 3008 860 3062 velox
873 3010 902 3062 et
915 3009 1004 3092 fertis,
1025 3007 1143 3090 dulcedo

128 3078 1142 3220 attractatatestatussalatratatus:

128 3224 200 3288 etas,
223 3224 335 3291 tempus
359 3223 425 3276 anni
445 3224 474 3276 et
492 3222 644 3291 complexis
664 3224 688 3277 si
706 3223 736 3276 in
754 3223 830 3276 idem
849 3222 1028 3285 conveniant,
1051 3221 1142 3290 magis

129 3292 324 3347 certificabunt
341 3293 351 3366 l}
369 3299 403 3348 66
418 3309 513 3361 quem:
529 3294 576 3362 qd’
592 3294 687 3364 (qued)
702 3312 736 3348 m.
770 3294 804 3360 cf.
819 3311 843 3348 o.
854 3297 890 3348 83
907 3292 917 3364 ll
936 3298 969 3346 66
983 3292 1077 3344 urina:
1096 3298 1142 3344 nfi

128 3365 179 3430 (cel
192 3365 247 3432 υἷι)
261 3382 289 3418 m
303 3366 394 3433 (quasi
409 3365 516 3434 nostri).
549 3366 584 3431 cf.
599 3366 682 3418 urina
699 3365 787 3418 rubea
801 3367 829 3418 et
844 3364 933 3433 spissa
947 3365 988 3418 Ie.
1003 3364 1036 3416 de
1049 3363 1076 3416 S.
1086 3365 1118 3416 P.
1132 3363 1142 3433 l!
1200 3391 1202 3395 ν

128 3438 162 3487 69
184 3434 285 3490 facies:
309 3436 365 3488 faci
386 3434 421 3487 ut
443 3453 470 3490 m
489 3436 841 3506 (cfiSehel.Scl.c.1956)
867 3436 874 3506 l
897 3449 1024 3502 sopores:
1041 3434 1100 3484 -rio
1115 3451 1146 3483 uc

128 3505 172 3573 (cf.
188 3504 276 3561 Schel.
290 3506 346 3562 Sal.
362 3524 386 3562 e.
398 3511 478 3562 1958.
510 3507 542 3562 iu
555 3508 685 3580 sompnis
700 3507 795 3563 ruhca
807 3507 955 3576 augment
965 3505 1015 3554 Io.
1027 3499 1172 3552 dat-Y}

195 3581 225 3628 ⁷1
244 3577 319 3634 mbr.
338 3578 512 3638 Melanoolie
531 3581 738 3638 habundantia
756 3581 847 3652 sagda
866 3577 936 3630 aius
955 3568 1046 3621 tense
1053 3557 1197 3610 mm
