<?xml version="1.0" encoding="UTF-8"?>
<!DOCTYPE html PUBLIC "-//W3C//DTD XHTML 1.0 Transitional//EN"
    "http://www.w3.org/TR/xhtml1/DTD/xhtml1-transitional.dtd">
<html xmlns="http://www.w3.org/1999/xhtml" xml:lang="en" lang="en">
 <head>
  <title>
</title>
<meta http-equiv="Content-Type" content="text/html;charset=utf-8" />
  <meta name='ocr-system' content='tesseract 3.04.00' />
  <meta name='ocr-capabilities' content='ocr_page ocr_carea ocr_par ocr_line ocrx_word'/>
</head>
<body>
  <div class='ocr_page' id='page_1' title='image "./egidiicorbolien00rosegoog_0064.png"; bbox 0 0 2466 3848; ppageno 0'>
   <div class='ocr_carea' id='block_1_1' title="bbox 566 199 733 255">
    <p class='ocr_par' dir='ltr' id='par_1_1' title="bbox 566 199 733 255">
     <span class='ocr_line' id='line_1_1' title="bbox 566 199 733 255; baseline 0.018 -4"><span class='ocrx_word' id='word_1_1' title='bbox 566 199 733 255; x_wconf 80' lang='lat' dir='ltr'><strong>VlATIGUS</strong></span> 
     </span>
    </p>
   </div>
   <div class='ocr_carea' id='block_1_2' title="bbox 87 348 1029 3122">
    <p class='ocr_par' dir='ltr' id='par_1_2' title="bbox 144 348 1029 693">
     <span class='ocr_line' id='line_1_2' title="bbox 146 348 782 424; baseline 0.011 -19"><span class='ocrx_word' id='word_1_2' title='bbox 146 365 217 405; x_wconf 86' lang='lat' dir='ltr'><strong>acra</strong></span> <span class='ocrx_word' id='word_1_3' title='bbox 240 348 373 424; x_wconf 88' lang='lat' dir='ltr'><strong>spirandi</strong></span> <span class='ocrx_word' id='word_1_4' title='bbox 396 349 518 408; x_wconf 83' lang='lat' dir='ltr'><strong>libertas</strong></span> <span class='ocrx_word' id='word_1_5' title='bbox 541 353 637 409; x_wconf 90' lang='lat' dir='ltr'><strong>maior</strong></span> <span class='ocrx_word' id='word_1_6' title='bbox 659 354 690 410; x_wconf 88' lang='lat' dir='ltr'><strong>et</strong></span> <span class='ocrx_word' id='word_1_7' title='bbox 712 370 782 412; x_wconf 86' lang='lat' dir='ltr'><strong>usus</strong></span> 
     </span>
     <span class='ocr_line' id='line_1_3' title="bbox 145 438 824 500; baseline 0.009 -6"><span class='ocrx_word' id='word_1_8' title='bbox 145 438 289 497; x_wconf 89' lang='lat' dir='ltr'><strong>sermonis</strong></span> <span class='ocrx_word' id='word_1_9' title='bbox 312 439 382 496; x_wconf 87' lang='lat' dir='ltr'><strong>licet</strong></span> <span class='ocrx_word' id='word_1_10' title='bbox 404 438 498 498; x_wconf 86' lang='lat' dir='ltr'><strong>exilis.</strong></span> <span class='ocrx_word' id='word_1_11' title='bbox 535 439 668 499; x_wconf 87' lang='lat' dir='ltr'><strong>fomenta</strong></span> <span class='ocrx_word' id='word_1_12' title='bbox 691 440 824 500; x_wconf 90' lang='lat' dir='ltr'><strong>ciborum</strong></span> 
     </span>
     <span class='ocr_line' id='line_1_4' title="bbox 146 529 880 605; baseline 0.01 -21"><span class='ocrx_word' id='word_1_13' title='bbox 146 529 176 584; x_wconf 85' lang='lat' dir='ltr'><strong>et</strong></span> <span class='ocrx_word' id='word_1_14' title='bbox 199 529 288 602; x_wconf 88' lang='lat' dir='ltr'><strong>potus</strong></span> <span class='ocrx_word' id='word_1_15' title='bbox 312 545 497 605; x_wconf 88' lang='lat' dir='ltr'><strong>quocumque</strong></span> <span class='ocrx_word' id='word_1_16' title='bbox 520 529 608 587; x_wconf 93' lang='lat' dir='ltr'><strong>modo</strong></span> <span class='ocrx_word' id='word_1_17' title='bbox 631 531 741 590; x_wconf 88' lang='lat' dir='ltr'><strong>natura</strong></span> <span class='ocrx_word' id='word_1_18' title='bbox 763 531 880 590; x_wconf 87' lang='lat' dir='ltr'><strong>misella</strong></span> 
     </span>
     <span class='ocr_line' id='line_1_5' title="bbox 144 615 1029 693; baseline 0.01 -21"><span class='ocrx_word' id='word_1_19' title='bbox 144 615 177 672; x_wconf 93' lang='lat' dir='ltr'><strong>in</strong></span> <span class='ocrx_word' id='word_1_20' title='bbox 200 616 388 675; x_wconf 88' lang='lat' dir='ltr'><strong>stomachum</strong></span> <span class='ocrx_word' id='word_1_21' title='bbox 410 617 572 676; x_wconf 78' lang='lat' dir='ltr'><strong>transferre</strong></span> <span class='ocrx_word' id='word_1_22' title='bbox 594 620 702 693; x_wconf 90' lang='lat' dir='ltr'><strong>potest.</strong></span> <span class='ocrx_word' id='word_1_23' title='bbox 738 618 910 680; x_wconf 87' lang='lat' dir='ltr'><strong>discrimina</strong></span> <span class='ocrx_word' id='word_1_24' title='bbox 933 623 1029 681; x_wconf 88' lang='lat' dir='ltr'><strong>morbi</strong></span> 
     </span>
    </p>

    <p class='ocr_par' dir='ltr' id='par_1_3' title="bbox 87 704 979 1140">
     <span class='ocr_line' id='line_1_6' title="bbox 87 704 979 789; baseline 0.011 -29"><span class='ocrx_word' id='word_1_25' title='bbox 87 722 126 761; x_wconf 73' lang='lat' dir='ltr'><strong>aas</strong></span> <span class='ocrx_word' id='word_1_26' title='bbox 146 705 187 763; x_wconf 90' lang='lat' dir='ltr'><strong>sit</strong></span> <span class='ocrx_word' id='word_1_27' title='bbox 209 704 279 764; x_wconf 88' lang='lat' dir='ltr'><strong>licet</strong></span> <span class='ocrx_word' id='word_1_28' title='bbox 302 705 427 783; x_wconf 89' lang='lat' dir='ltr'><strong>exiguus</strong></span> <span class='ocrx_word' id='word_1_29' title='bbox 450 708 551 765; x_wconf 89' lang='lat' dir='ltr'><strong>tumor</strong></span> <span class='ocrx_word' id='word_1_30' title='bbox 572 707 674 766; x_wconf 90' lang='lat' dir='ltr'><strong>innuit</strong></span> <span class='ocrx_word' id='word_1_31' title='bbox 696 710 726 766; x_wconf 91' lang='lat' dir='ltr'><strong>et</strong></span> <span class='ocrx_word' id='word_1_32' title='bbox 748 709 833 768; x_wconf 88' lang='lat' dir='ltr'><strong>dolor</strong></span> <span class='ocrx_word' id='word_1_33' title='bbox 856 729 979 789; x_wconf 86' lang='lat' dir='ltr'><strong>aegrum</strong></span> 
     </span>
     <span class='ocr_line' id='line_1_7' title="bbox 146 794 941 874; baseline 0.01 -23"><span class='ocrx_word' id='word_1_34' title='bbox 146 795 264 869; x_wconf 79' lang='lat' dir='ltr'>parcior</span> <span class='ocrx_word' id='word_1_35' title='bbox 287 794 419 854; x_wconf 87' lang='lat' dir='ltr'><strong>infestat.</strong></span> <span class='ocrx_word' id='word_1_36' title='bbox 457 794 558 855; x_wconf 87' lang='lat' dir='ltr'><strong>crebro</strong></span> <span class='ocrx_word' id='word_1_37' title='bbox 581 796 780 857; x_wconf 74' lang='lat' dir='ltr'><strong>medicamina</strong></span> <span class='ocrx_word' id='word_1_38' title='bbox 802 803 941 874; x_wconf 76' lang='lat' dir='ltr'><strong>prosunt,</strong></span> 
     </span>
     <span class='ocr_line' id='line_1_8' title="bbox 146 882 934 966; baseline 0.01 -26"><span class='ocrx_word' id='word_1_39' title='bbox 146 882 195 940; x_wconf 86' lang='lat' dir='ltr'><strong>rix</strong></span> <span class='ocrx_word' id='word_1_40' title='bbox 218 884 320 941; x_wconf 87' lang='lat' dir='ltr'><strong>tamen</strong></span> <span class='ocrx_word' id='word_1_41' title='bbox 343 883 486 958; x_wconf 88' lang='lat' dir='ltr'><strong>absolvit,</strong></span> <span class='ocrx_word' id='word_1_42' title='bbox 510 885 560 942; x_wconf 84' lang='lat' dir='ltr'><strong>rix</strong></span> <span class='ocrx_word' id='word_1_43' title='bbox 584 885 656 943; x_wconf 86' lang='lat' dir='ltr'><strong>artis</strong></span> <span class='ocrx_word' id='word_1_44' title='bbox 680 884 789 946; x_wconf 88' lang='lat' dir='ltr'><strong>liberat</strong></span> <span class='ocrx_word' id='word_1_45' title='bbox 811 906 934 966; x_wconf 83' lang='lat' dir='ltr'><strong>aegrum</strong></span> 
     </span>
     <span class='ocr_line' id='line_1_9' title="bbox 145 970 963 1049; baseline 0.009 -20"><span class='ocrx_word' id='word_1_46' title='bbox 145 970 291 1030; x_wconf 72' lang='lat' dir='ltr'><strong>sedulitas</strong></span> <span class='ocrx_word' id='word_1_47' title='bbox 313 972 468 1048; x_wconf 80' lang='lat' dir='ltr'><strong>physicae,</strong></span> <span class='ocrx_word' id='word_1_48' title='bbox 492 973 565 1049; x_wconf 90' lang='lat' dir='ltr'><strong>quin</strong></span> <span class='ocrx_word' id='word_1_49' title='bbox 588 975 655 1032; x_wconf 88' lang='lat' dir='ltr'><strong>iura</strong></span> <span class='ocrx_word' id='word_1_50' title='bbox 678 976 841 1036; x_wconf 84' lang='lat' dir='ltr'><strong>novissima</strong></span> <span class='ocrx_word' id='word_1_51' title='bbox 864 978 963 1036; x_wconf 88' lang='lat' dir='ltr'><strong>solvat</strong></span> 
     </span>
     <span class='ocr_line' id='line_1_10' title="bbox 146 1059 867 1140; baseline 0.008 -22"><span class='ocrx_word' id='word_1_52' title='bbox 146 1062 279 1119; x_wconf 88' lang='lat' dir='ltr'><strong>naturae.</strong></span> <span class='ocrx_word' id='word_1_53' title='bbox 317 1059 435 1138; x_wconf 79' lang='lat' dir='ltr'><strong>Species</strong></span> <span class='ocrx_word' id='word_1_54' title='bbox 458 1064 611 1121; x_wconf 91' lang='lat' dir='ltr'><strong>inmunem</strong></span> <span class='ocrx_word' id='word_1_55' title='bbox 633 1064 725 1122; x_wconf 86' lang='lat' dir='ltr'><strong>tertia</strong></span> <span class='ocrx_word' id='word_1_56' title='bbox 746 1083 867 1140; x_wconf 89' lang='lat' dir='ltr'><strong>prorsus</strong></span> 
     </span>
    </p>

    <p class='ocr_par' dir='ltr' id='par_1_4' title="bbox 87 1150 952 1568">
     <span class='ocr_line' id='line_1_11' title="bbox 87 1150 923 1223; baseline 0.008 -18"><span class='ocrx_word' id='word_1_57' title='bbox 87 1167 127 1205; x_wconf 80' lang='lat' dir='ltr'><strong>ccc</strong></span> <span class='ocrx_word' id='word_1_58' title='bbox 146 1167 251 1223; x_wconf 88' lang='lat' dir='ltr'><strong>ysmon</strong></span> <span class='ocrx_word' id='word_1_59' title='bbox 276 1153 444 1222; x_wconf 85' lang='lat' dir='ltr'><strong>conservat,</strong></span> <span class='ocrx_word' id='word_1_60' title='bbox 468 1150 540 1210; x_wconf 90' lang='lat' dir='ltr'><strong>dum</strong></span> <span class='ocrx_word' id='word_1_61' title='bbox 562 1170 653 1210; x_wconf 88' lang='lat' dir='ltr'><strong>causa</strong></span> <span class='ocrx_word' id='word_1_62' title='bbox 675 1153 782 1213; x_wconf 86' lang='lat' dir='ltr'><strong>nociva</strong></span> <span class='ocrx_word' id='word_1_63' title='bbox 805 1155 923 1214; x_wconf 88' lang='lat' dir='ltr'><strong>locatur</strong></span> 
     </span>
     <span class='ocr_line' id='line_1_12' title="bbox 145 1239 735 1316; baseline 0.005 -20"><span class='ocrx_word' id='word_1_64' title='bbox 145 1239 283 1297; x_wconf 85' lang='lat' dir='ltr'><strong>exterius.</strong></span> <span class='ocrx_word' id='word_1_65' title='bbox 318 1257 414 1298; x_wconf 87' lang='lat' dir='ltr'><strong>sermo</strong></span> <span class='ocrx_word' id='word_1_66' title='bbox 437 1242 576 1316; x_wconf 84' lang='lat' dir='ltr'><strong>portatur</strong></span> <span class='ocrx_word' id='word_1_67' title='bbox 597 1241 735 1301; x_wconf 87' lang='lat' dir='ltr'><strong>liberiore</strong></span> 
     </span>
     <span class='ocr_line' id='line_1_13' title="bbox 147 1327 952 1407; baseline 0.009 -22"><span class='ocrx_word' id='word_1_68' title='bbox 147 1327 308 1402; x_wconf 86' lang='lat' dir='ltr'><strong>cuniculo,</strong></span> <span class='ocrx_word' id='word_1_69' title='bbox 332 1327 415 1388; x_wconf 87' lang='lat' dir='ltr'><strong>cibus</strong></span> <span class='ocrx_word' id='word_1_70' title='bbox 439 1328 607 1407; x_wconf 86' lang='lat' dir='ltr'><strong>ingrediens</strong></span> <span class='ocrx_word' id='word_1_71' title='bbox 630 1332 755 1405; x_wconf 83' lang='lat' dir='ltr'><strong>potusve</strong></span> <span class='ocrx_word' id='word_1_72' title='bbox 779 1331 952 1392; x_wconf 86' lang='lat' dir='ltr'><strong>subintrans</strong></span> 
     </span>
     <span class='ocr_line' id='line_1_14' title="bbox 147 1417 835 1494; baseline 0.007 -20"><span class='ocrx_word' id='word_1_73' title='bbox 147 1417 289 1475; x_wconf 85' lang='lat' dir='ltr'><strong>offensam</strong></span> <span class='ocrx_word' id='word_1_74' title='bbox 312 1418 421 1491; x_wconf 87' lang='lat' dir='ltr'><strong>nescit,</strong></span> <span class='ocrx_word' id='word_1_75' title='bbox 444 1420 585 1477; x_wconf 80' lang='lat' dir='ltr'><strong>consueto</strong></span> <span class='ocrx_word' id='word_1_76' title='bbox 608 1419 712 1494; x_wconf 88' lang='lat' dir='ltr'><strong>pulmo</strong></span> <span class='ocrx_word' id='word_1_77' title='bbox 735 1423 835 1479; x_wconf 88' lang='lat' dir='ltr'><strong>meatu</strong></span> 
     </span>
     <span class='ocr_line' id='line_1_15' title="bbox 146 1505 790 1568; baseline 0.008 -5"><span class='ocrx_word' id='word_1_78' title='bbox 146 1505 262 1564; x_wconf 87' lang='lat' dir='ltr'><strong>thoraci</strong></span> <span class='ocrx_word' id='word_1_79' title='bbox 285 1507 375 1565; x_wconf 88' lang='lat' dir='ltr'><strong>solita</strong></span> <span class='ocrx_word' id='word_1_80' title='bbox 398 1506 453 1565; x_wconf 90' lang='lat' dir='ltr'><strong>sub</strong></span> <span class='ocrx_word' id='word_1_81' title='bbox 476 1507 615 1566; x_wconf 85' lang='lat' dir='ltr'><strong>libertate</strong></span> <span class='ocrx_word' id='word_1_82' title='bbox 638 1508 790 1568; x_wconf 73' lang='lat' dir='ltr'><strong>ministrat</strong></span> 
     </span>
    </p>

    <p class='ocr_par' dir='ltr' id='par_1_5' title="bbox 87 1596 1018 2031">
     <span class='ocr_line' id='line_1_16' title="bbox 87 1596 987 1676; baseline 0.009 -26"><span class='ocrx_word' id='word_1_83' title='bbox 87 1610 126 1650; x_wconf 78' lang='lat' dir='ltr'><strong>aas</strong></span> <span class='ocrx_word' id='word_1_84' title='bbox 146 1613 217 1653; x_wconf 85' lang='lat' dir='ltr'><strong>acra</strong></span> <span class='ocrx_word' id='word_1_85' title='bbox 239 1613 329 1671; x_wconf 85' lang='lat' dir='ltr'><strong>quem</strong></span> <span class='ocrx_word' id='word_1_86' title='bbox 351 1596 438 1655; x_wconf 90' lang='lat' dir='ltr'><strong>reicit</strong></span> <span class='ocrx_word' id='word_1_87' title='bbox 459 1596 584 1670; x_wconf 85' lang='lat' dir='ltr'><strong>iterum,</strong></span> <span class='ocrx_word' id='word_1_88' title='bbox 607 1601 707 1656; x_wconf 87' lang='lat' dir='ltr'><strong>tumor</strong></span> <span class='ocrx_word' id='word_1_89' title='bbox 729 1601 858 1675; x_wconf 89' lang='lat' dir='ltr'><strong>occupat</strong></span> <span class='ocrx_word' id='word_1_90' title='bbox 880 1600 987 1676; x_wconf 87' lang='lat' dir='ltr'><strong>amplis</strong></span> 
     </span>
     <span class='ocr_line' id='line_1_17' title="bbox 144 1684 908 1762; baseline 0.007 -21"><span class='ocrx_word' id='word_1_91' title='bbox 144 1684 289 1744; x_wconf 75' lang='lat' dir='ltr'><strong>tractibus</strong></span> <span class='ocrx_word' id='word_1_92' title='bbox 313 1687 344 1743; x_wconf 90' lang='lat' dir='ltr'><strong>et</strong></span> <span class='ocrx_word' id='word_1_93' title='bbox 366 1685 456 1762; x_wconf 84' lang='lat' dir='ltr'><strong>longo</strong></span> <span class='ocrx_word' id='word_1_94' title='bbox 479 1687 658 1746; x_wconf 87' lang='lat' dir='ltr'><strong>transcurrit</strong></span> <span class='ocrx_word' id='word_1_95' title='bbox 680 1688 775 1746; x_wconf 90' lang='lat' dir='ltr'><strong>limite</strong></span> <span class='ocrx_word' id='word_1_96' title='bbox 798 1688 908 1746; x_wconf 90' lang='lat' dir='ltr'><strong>collum</strong></span> 
     </span>
     <span class='ocr_line' id='line_1_18' title="bbox 146 1773 1018 1850; baseline 0.007 -18"><span class='ocrx_word' id='word_1_97' title='bbox 146 1773 278 1833; x_wconf 87' lang='lat' dir='ltr'><strong>sensibus</strong></span> <span class='ocrx_word' id='word_1_98' title='bbox 302 1774 462 1850; x_wconf 86' lang='lat' dir='ltr'><strong>expositus.</strong></span> <span class='ocrx_word' id='word_1_99' title='bbox 499 1775 597 1835; x_wconf 87' lang='lat' dir='ltr'><strong>minus</strong></span> <span class='ocrx_word' id='word_1_100' title='bbox 621 1778 694 1835; x_wconf 88' lang='lat' dir='ltr'><strong>haec</strong></span> <span class='ocrx_word' id='word_1_101' title='bbox 718 1777 877 1837; x_wconf 88' lang='lat' dir='ltr'><strong>metuenda</strong></span> <span class='ocrx_word' id='word_1_102' title='bbox 900 1781 1018 1838; x_wconf 85' lang='lat' dir='ltr'><strong>veretur</strong></span> 
     </span>
     <span class='ocr_line' id='line_1_19' title="bbox 147 1863 911 1941; baseline 0.008 -21"><span class='ocrx_word' id='word_1_103' title='bbox 147 1865 177 1921; x_wconf 91' lang='lat' dir='ltr'><strong>et</strong></span> <span class='ocrx_word' id='word_1_104' title='bbox 199 1863 295 1940; x_wconf 86' lang='lat' dir='ltr'><strong>magis</strong></span> <span class='ocrx_word' id='word_1_105' title='bbox 319 1865 364 1922; x_wconf 89' lang='lat' dir='ltr'><strong>est</strong></span> <span class='ocrx_word' id='word_1_106' title='bbox 387 1864 499 1941; x_wconf 89' lang='lat' dir='ltr'><strong>species</strong></span> <span class='ocrx_word' id='word_1_107' title='bbox 523 1882 575 1940; x_wconf 90' lang='lat' dir='ltr'><strong>spe</strong></span> <span class='ocrx_word' id='word_1_108' title='bbox 599 1866 774 1925; x_wconf 86' lang='lat' dir='ltr'><strong>confirmata</strong></span> <span class='ocrx_word' id='word_1_109' title='bbox 797 1867 911 1926; x_wconf 87' lang='lat' dir='ltr'><strong>salutis.</strong></span> 
     </span>
     <span class='ocr_line' id='line_1_20' title="bbox 145 1951 831 2031; baseline 0.007 -22"><span class='ocrx_word' id='word_1_110' title='bbox 145 1952 303 2012; x_wconf 87' lang='lat' dir='ltr'><strong>Materiam</strong></span> <span class='ocrx_word' id='word_1_111' title='bbox 328 1951 453 2011; x_wconf 85' lang='lat' dir='ltr'><strong>calidam</strong></span> <span class='ocrx_word' id='word_1_112' title='bbox 479 1955 602 2031; x_wconf 85' lang='lat' dir='ltr'><strong>signant</strong></span> <span class='ocrx_word' id='word_1_113' title='bbox 625 1955 712 2014; x_wconf 84' lang='lat' dir='ltr'><strong>urina</strong></span> <span class='ocrx_word' id='word_1_114' title='bbox 736 1955 831 2014; x_wconf 86' lang='lat' dir='ltr'><strong>colora</strong></span> 
     </span>
    </p>

    <p class='ocr_par' dir='ltr' id='par_1_6' title="bbox 87 2040 946 2474">
     <span class='ocr_line' id='line_1_21' title="bbox 87 2040 801 2120; baseline 0.006 -22"><span class='ocrx_word' id='word_1_115' title='bbox 87 2054 127 2094; x_wconf 77' lang='grc' dir='ltr'><strong>ιιι</strong></span> <span class='ocrx_word' id='word_1_116' title='bbox 145 2041 246 2118; x_wconf 85' lang='lat' dir='ltr'><strong>ignea,</strong></span> <span class='ocrx_word' id='word_1_117' title='bbox 269 2040 384 2100; x_wconf 86' lang='lat' dir='ltr'><strong>robusti</strong></span> <span class='ocrx_word' id='word_1_118' title='bbox 407 2044 492 2100; x_wconf 82' lang='lat' dir='ltr'><strong>velox</strong></span> <span class='ocrx_word' id='word_1_119' title='bbox 514 2042 661 2102; x_wconf 88' lang='lat' dir='ltr'><strong>instantia</strong></span> <span class='ocrx_word' id='word_1_120' title='bbox 684 2044 801 2120; x_wconf 78' lang='lat' dir='ltr'><strong>pulsus,</strong></span> 
     </span>
     <span class='ocr_line' id='line_1_22' title="bbox 145 2130 802 2208; baseline 0.005 -20"><span class='ocrx_word' id='word_1_121' title='bbox 145 2132 260 2190; x_wconf 90' lang='lat' dir='ltr'><strong>insultu</strong></span> <span class='ocrx_word' id='word_1_122' title='bbox 284 2131 396 2188; x_wconf 90' lang='lat' dir='ltr'><strong>maiore</strong></span> <span class='ocrx_word' id='word_1_123' title='bbox 419 2130 504 2190; x_wconf 90' lang='lat' dir='ltr'><strong>dolor</strong></span> <span class='ocrx_word' id='word_1_124' title='bbox 527 2131 617 2190; x_wconf 86' lang='lat' dir='ltr'><strong>letale</strong></span> <span class='ocrx_word' id='word_1_125' title='bbox 640 2150 802 2208; x_wconf 84' lang='lat' dir='ltr'><strong>gravamen</strong></span> 
     </span>
     <span class='ocr_line' id='line_1_23' title="bbox 146 2219 831 2280; baseline 0.004 -3"><span class='ocrx_word' id='word_1_126' title='bbox 146 2237 298 2279; x_wconf 86' lang='lat' dir='ltr'><strong>exacuens.</strong></span> <span class='ocrx_word' id='word_1_127' title='bbox 345 2219 371 2277; x_wconf 92' lang='lat' dir='ltr'><strong>si</strong></span> <span class='ocrx_word' id='word_1_128' title='bbox 395 2238 486 2279; x_wconf 89' lang='lat' dir='ltr'><strong>causa</strong></span> <span class='ocrx_word' id='word_1_129' title='bbox 509 2220 582 2278; x_wconf 91' lang='lat' dir='ltr'><strong>mali</strong></span> <span class='ocrx_word' id='word_1_130' title='bbox 605 2221 646 2280; x_wconf 87' lang='lat' dir='ltr'><strong>sit</strong></span> <span class='ocrx_word' id='word_1_131' title='bbox 668 2222 831 2280; x_wconf 87' lang='lat' dir='ltr'><strong>materialis</strong></span> 
     </span>
     <span class='ocr_line' id='line_1_24' title="bbox 147 2307 946 2387; baseline 0.003 -20"><span class='ocrx_word' id='word_1_132' title='bbox 147 2309 302 2387; x_wconf 86' lang='lat' dir='ltr'><strong>sanguinis</strong></span> <span class='ocrx_word' id='word_1_133' title='bbox 326 2307 462 2382; x_wconf 87' lang='lat' dir='ltr'><strong>ubertas,</strong></span> <span class='ocrx_word' id='word_1_134' title='bbox 485 2326 575 2385; x_wconf 90' lang='lat' dir='ltr'><strong>sapor</strong></span> <span class='ocrx_word' id='word_1_135' title='bbox 598 2312 644 2369; x_wconf 90' lang='lat' dir='ltr'><strong>est</strong></span> <span class='ocrx_word' id='word_1_136' title='bbox 666 2312 804 2387; x_wconf 88' lang='lat' dir='ltr'><strong>acceptus</strong></span> <span class='ocrx_word' id='word_1_137' title='bbox 827 2313 859 2369; x_wconf 91' lang='lat' dir='ltr'><strong>in</strong></span> <span class='ocrx_word' id='word_1_138' title='bbox 883 2330 946 2386; x_wconf 85' lang='lat' dir='ltr'><strong>ore,</strong></span> 
     </span>
     <span class='ocr_line' id='line_1_25' title="bbox 145 2398 811 2474; baseline 0.003 -18"><span class='ocrx_word' id='word_1_139' title='bbox 145 2399 229 2458; x_wconf 85' lang='lat' dir='ltr'><strong>invia</strong></span> <span class='ocrx_word' id='word_1_140' title='bbox 252 2398 286 2455; x_wconf 88' lang='lat' dir='ltr'><strong>fit</strong></span> <span class='ocrx_word' id='word_1_141' title='bbox 309 2398 400 2456; x_wconf 86' lang='lat' dir='ltr'><strong>radiis</strong></span> <span class='ocrx_word' id='word_1_142' title='bbox 423 2398 528 2458; x_wconf 86' lang='lat' dir='ltr'><strong>effusio</strong></span> <span class='ocrx_word' id='word_1_143' title='bbox 552 2398 686 2474; x_wconf 87' lang='lat' dir='ltr'><strong>turbida,</strong></span> <span class='ocrx_word' id='word_1_144' title='bbox 709 2401 811 2458; x_wconf 86' lang='lat' dir='ltr'><strong>vultus</strong></span> 
     </span>
    </p>

    <p class='ocr_par' dir='ltr' id='par_1_7' title="bbox 87 2486 963 2921">
     <span class='ocr_line' id='line_1_26' title="bbox 87 2486 840 2564; baseline 0.001 -19"><span class='ocrx_word' id='word_1_145' title='bbox 87 2499 127 2539; x_wconf 75' lang='lat'><strong>69⁶</strong></span> <span class='ocrx_word' id='word_1_146' title='bbox 147 2507 214 2546; x_wconf 87' lang='lat' dir='ltr'><strong>cum</strong></span> <span class='ocrx_word' id='word_1_147' title='bbox 238 2506 313 2546; x_wconf 85' lang='lat' dir='ltr'><strong>vena</strong></span> <span class='ocrx_word' id='word_1_148' title='bbox 335 2489 473 2564; x_wconf 87' lang='lat' dir='ltr'><strong>turgente</strong></span> <span class='ocrx_word' id='word_1_149' title='bbox 496 2486 598 2561; x_wconf 88' lang='lat' dir='ltr'><strong>rubet,</strong></span> <span class='ocrx_word' id='word_1_150' title='bbox 621 2487 677 2546; x_wconf 90' lang='lat' dir='ltr'><strong>sub</strong></span> <span class='ocrx_word' id='word_1_151' title='bbox 700 2489 840 2546; x_wconf 88' lang='lat' dir='ltr'><strong>mollitiei</strong></span> 
     </span>
     <span class='ocr_line' id='line_1_27' title="bbox 146 2576 945 2651; baseline -0.001 -16"><span class='ocrx_word' id='word_1_152' title='bbox 146 2576 301 2635; x_wconf 88' lang='lat' dir='ltr'><strong>blanditiis</strong></span> <span class='ocrx_word' id='word_1_153' title='bbox 324 2577 439 2634; x_wconf 87' lang='lat' dir='ltr'><strong>tactum</strong></span> <span class='ocrx_word' id='word_1_154' title='bbox 463 2577 566 2651; x_wconf 89' lang='lat' dir='ltr'><strong>pulsus</strong></span> <span class='ocrx_word' id='word_1_155' title='bbox 591 2576 739 2636; x_wconf 88' lang='lat' dir='ltr'><strong>demulcet</strong></span> <span class='ocrx_word' id='word_1_156' title='bbox 760 2577 945 2637; x_wconf 87' lang='lat' dir='ltr'><strong>habundans.</strong></span> 
     </span>
     <span class='ocr_line' id='line_1_28' title="bbox 146 2665 898 2744; baseline 0.001 -20"><span class='ocrx_word' id='word_1_157' title='bbox 146 2667 253 2744; x_wconf 85' lang='lat' dir='ltr'><strong>irrigat</strong></span> <span class='ocrx_word' id='word_1_158' title='bbox 277 2684 330 2722; x_wconf 88' lang='lat' dir='ltr'><strong>ora</strong></span> <span class='ocrx_word' id='word_1_159' title='bbox 352 2665 442 2738; x_wconf 89' lang='lat' dir='ltr'><strong>fluor,</strong></span> <span class='ocrx_word' id='word_1_160' title='bbox 465 2666 547 2725; x_wconf 89' lang='lat' dir='ltr'><strong>locus</strong></span> <span class='ocrx_word' id='word_1_161' title='bbox 571 2665 602 2723; x_wconf 93' lang='lat' dir='ltr'><strong>in</strong></span> <span class='ocrx_word' id='word_1_162' title='bbox 626 2685 687 2741; x_wconf 90' lang='lat' dir='ltr'><strong>quo</strong></span> <span class='ocrx_word' id='word_1_163' title='bbox 710 2666 802 2725; x_wconf 89' lang='lat' dir='ltr'><strong>laesio</strong></span> <span class='ocrx_word' id='word_1_164' title='bbox 825 2666 898 2725; x_wconf 84' lang='lat' dir='ltr'><strong>laris</strong></span> 
     </span>
     <span class='ocr_line' id='line_1_29' title="bbox 146 2755 963 2829; baseline -0.001 -15"><span class='ocrx_word' id='word_1_165' title='bbox 146 2755 276 2814; x_wconf 87' lang='lat' dir='ltr'><strong>tactibus</strong></span> <span class='ocrx_word' id='word_1_166' title='bbox 301 2755 437 2812; x_wconf 87' lang='lat' dir='ltr'><strong>occurrit.</strong></span> <span class='ocrx_word' id='word_1_167' title='bbox 475 2756 589 2814; x_wconf 87' lang='lat' dir='ltr'><strong>colerae</strong></span> <span class='ocrx_word' id='word_1_168' title='bbox 613 2773 709 2813; x_wconf 88' lang='lat' dir='ltr'><strong>eomes</strong></span> <span class='ocrx_word' id='word_1_169' title='bbox 733 2757 779 2813; x_wconf 89' lang='lat' dir='ltr'><strong>est</strong></span> <span class='ocrx_word' id='word_1_170' title='bbox 802 2755 881 2829; x_wconf 83' lang='lat' dir='ltr'><strong>sitis,</strong></span> <span class='ocrx_word' id='word_1_171' title='bbox 905 2756 963 2813; x_wconf 91' lang='lat' dir='ltr'><strong>oris</strong></span> 
     </span>
     <span class='ocr_line' id='line_1_30' title="bbox 146 2844 882 2921; baseline 0.001 -19"><span class='ocrx_word' id='word_1_172' title='bbox 146 2844 337 2921; x_wconf 88' lang='lat' dir='ltr'><strong>squaliditas‚</strong></span> <span class='ocrx_word' id='word_1_173' title='bbox 361 2846 459 2901; x_wconf 87' lang='lat' dir='ltr'><strong>tenuis</strong></span> <span class='ocrx_word' id='word_1_174' title='bbox 482 2845 598 2918; x_wconf 68' lang='lat' dir='ltr'><strong>affinio,</strong></span> <span class='ocrx_word' id='word_1_175' title='bbox 622 2847 726 2920; x_wconf 89' lang='lat' dir='ltr'><strong>gustus</strong></span> <span class='ocrx_word' id='word_1_176' title='bbox 750 2863 882 2917; x_wconf 86' lang='lat' dir='ltr'><strong>amarus,</strong></span> 
     </span>
    </p>

    <p class='ocr_par' dir='ltr' id='par_1_8' title="bbox 89 2932 996 3097">
     <span class='ocr_line' id='line_1_31' title="bbox 89 2932 860 3009; baseline 0 -18"><span class='ocrx_word' id='word_1_177' title='bbox 89 2947 128 2985; x_wconf 60' lang='lat'><strong>200</strong></span> <span class='ocrx_word' id='word_1_178' title='bbox 146 2934 250 3009; x_wconf 90' lang='lat' dir='ltr'><strong>pulsus</strong></span> <span class='ocrx_word' id='word_1_179' title='bbox 273 2933 409 3006; x_wconf 87' lang='lat' dir='ltr'><strong>durities,</strong></span> <span class='ocrx_word' id='word_1_180' title='bbox 433 2951 521 3007; x_wconf 87' lang='lat' dir='ltr'><strong>asper</strong></span> <span class='ocrx_word' id='word_1_181' title='bbox 542 2933 626 2992; x_wconf 90' lang='lat' dir='ltr'><strong>locus</strong></span> <span class='ocrx_word' id='word_1_182' title='bbox 648 2932 726 2991; x_wconf 89' lang='lat' dir='ltr'><strong>unde</strong></span> <span class='ocrx_word' id='word_1_183' title='bbox 749 2933 860 2991; x_wconf 91' lang='lat' dir='ltr'><strong>doloris</strong></span> 
     </span>
     <span class='ocr_line' id='line_1_32' title="bbox 147 3021 996 3122; baseline 0.001 -42"><span class='ocrx_word' id='word_1_184' title='bbox 147 3022 279 3122; x_wconf 82' lang='lat' dir='ltr'><strong>exoritur</strong></span> <span class='ocrx_word' id='word_1_185' title='bbox 301 3022 454 3121; x_wconf 84' lang='lat' dir='ltr'><strong>stimulus,</strong></span> <span class='ocrx_word' id='word_1_186' title='bbox 479 3040 597 3080; x_wconf 85' lang='lat' dir='ltr'><strong>croceus</strong></span> <span class='ocrx_word' id='word_1_187' title='bbox 621 3023 709 3080; x_wconf 89' lang='lat' dir='ltr'><strong>color.</strong></span> <span class='ocrx_word' id='word_1_188' title='bbox 747 3021 865 3097; x_wconf 86' lang='lat' dir='ltr'><strong>algidus</strong></span> <span class='ocrx_word' id='word_1_189' title='bbox 888 3022 996 3081; x_wconf 89' lang='lat' dir='ltr'><strong>humor</strong></span> 
     </span>
    </p>
   </div>
   <div class='ocr_carea' id='block_1_3' title="bbox 147 3173 1162 3570">
    <p class='ocr_par' dir='ltr' id='par_1_9' title="bbox 147 3173 1162 3530">
     <span class='ocr_line' id='line_1_33' title="bbox 147 3173 1159 3246; baseline 0.001 -20"><span class='ocrx_word' id='word_1_190' title='bbox 147 3174 277 3227; x_wconf 89' lang='lat' dir='ltr'><strong>conditur</strong></span> <span class='ocrx_word' id='word_1_191' title='bbox 294 3190 373 3242; x_wconf 85' lang='lat' dir='ltr'><strong>ysmo</strong></span> <span class='ocrx_word' id='word_1_192' title='bbox 392 3192 419 3228; x_wconf 89' lang='lat' dir='ltr'><strong>m</strong></span> <span class='ocrx_word' id='word_1_193' title='bbox 436 3175 446 3246; x_wconf 67' lang='lat' dir='ltr'>ss</span> <span class='ocrx_word' id='word_1_194' title='bbox 465 3176 548 3228; x_wconf 80' lang='grc'><strong>6766</strong></span> <span class='ocrx_word' id='word_1_195' title='bbox 549 3175 620 3228; x_wconf 90' lang='lat' dir='ltr'><strong>imor</strong></span> <span class='ocrx_word' id='word_1_196' title='bbox 639 3175 655 3227; x_wconf 89' lang='lat' dir='ltr'><strong>b</strong></span> <span class='ocrx_word' id='word_1_197' title='bbox 672 3174 683 3245; x_wconf 84' lang='grc' dir='ltr'>Ι</span> <span class='ocrx_word' id='word_1_198' title='bbox 701 3178 753 3227; x_wconf 88' lang='grc'><strong>678</strong></span> <span class='ocrx_word' id='word_1_199' title='bbox 772 3173 879 3241; x_wconf 82' lang='lat' dir='ltr'><strong>phisica</strong></span> <span class='ocrx_word' id='word_1_200' title='bbox 898 3175 941 3227; x_wconf 87' lang='lat' dir='ltr'><strong>mb</strong></span> <span class='ocrx_word' id='word_1_201' title='bbox 963 3173 974 3245; x_wconf 71' lang='lat' dir='ltr'><strong>{l</strong></span> <span class='ocrx_word' id='word_1_202' title='bbox 992 3180 1043 3227; x_wconf 86' lang='grc'><strong>679</strong></span> <span class='ocrx_word' id='word_1_203' title='bbox 1061 3176 1159 3228; x_wconf 86' lang='lat' dir='ltr'><strong>tertia:</strong></span> 
     </span>
     <span class='ocr_line' id='line_1_34' title="bbox 147 3244 1160 3313; baseline 0.003 -15"><span class='ocrx_word' id='word_1_204' title='bbox 147 3261 197 3312; x_wconf 74' lang='lat' dir='ltr'><strong>pac</strong></span> <span class='ocrx_word' id='word_1_205' title='bbox 219 3246 323 3299; x_wconf 80' lang='lat' dir='ltr'><strong>dicitcr</strong></span> <span class='ocrx_word' id='word_1_206' title='bbox 345 3246 546 3300; x_wconf 72' lang='lat' dir='ltr'><strong>siccariam.</strong></span> <span class='ocrx_word' id='word_1_207' title='bbox 570 3247 643 3300; x_wconf 81' lang='lat' dir='ltr'><strong>Plat</strong></span> <span class='ocrx_word' id='word_1_208' title='bbox 671 3244 981 3312; x_wconf 61' lang='lat' dir='ltr'><strong>(arripueramus</strong></span> <span class='ocrx_word' id='word_1_209' title='bbox 1000 3247 1141 3313; x_wconf 73' lang='lat' dir='ltr'><strong>prima)</strong></span> <span class='ocrx_word' id='word_1_210' title='bbox 1129 3265 1160 3301; x_wconf 82' lang='grc' dir='ltr'><strong>ιιι</strong></span> 
     </span>
     <span class='ocr_line' id='line_1_35' title="bbox 148 3315 1158 3389; baseline 0.002 -19"><span class='ocrx_word' id='word_1_211' title='bbox 148 3315 213 3370; x_wconf 76' lang='lat'><strong>0011</strong></span> <span class='ocrx_word' id='word_1_212' title='bbox 229 3317 285 3370; x_wconf 84' lang='lat' dir='ltr'><strong>Sal</strong></span> <span class='ocrx_word' id='word_1_213' title='bbox 302 3317 412 3382; x_wconf 81' lang='lat'><strong><em>11,201</em></strong></span> <span class='ocrx_word' id='word_1_214' title='bbox 434 3316 445 3387; x_wconf 70' lang='lat' dir='ltr'><strong>ll</strong></span> <span class='ocrx_word' id='word_1_215' title='bbox 468 3315 566 3370; x_wconf 83' lang='grc'>68610</span> <span class='ocrx_word' id='word_1_216' title='bbox 586 3318 671 3369; x_wconf 88' lang='lat' dir='ltr'><strong>natur</strong></span> <span class='ocrx_word' id='word_1_217' title='bbox 688 3315 748 3386; x_wconf 75' lang='grc' dir='ltr'>ιιιΗ</span> <span class='ocrx_word' id='word_1_218' title='bbox 771 3319 824 3369; x_wconf 87' lang='grc'><strong>686</strong></span> <span class='ocrx_word' id='word_1_219' title='bbox 841 3315 925 3369; x_wconf 90' lang='lat' dir='ltr'><strong>reicit</strong></span> <span class='ocrx_word' id='word_1_220' title='bbox 942 3333 981 3369; x_wconf 81' lang='grc' dir='ltr'>ιιι.</span> <span class='ocrx_word' id='word_1_221' title='bbox 1005 3316 1129 3372; x_wconf 87' lang='lat' dir='ltr'><strong>reficitb</strong></span> <span class='ocrx_word' id='word_1_222' title='bbox 1153 3317 1158 3389; x_wconf 75' lang='grc' dir='ltr'>Ι</span> 
     </span>
     <span class='ocr_line' id='line_1_36' title="bbox 147 3384 1162 3459; baseline 0.004 -21"><span class='ocrx_word' id='word_1_223' title='bbox 147 3389 240 3439; x_wconf 89' lang='lat' dir='ltr'><strong>tumor</strong></span> <span class='ocrx_word' id='word_1_224' title='bbox 258 3405 296 3442; x_wconf 89' lang='lat' dir='ltr'><strong>m:</strong></span> <span class='ocrx_word' id='word_1_225' title='bbox 320 3393 393 3440; x_wconf 85' lang='lat' dir='ltr'><strong>mior</strong></span> <span class='ocrx_word' id='word_1_226' title='bbox 411 3388 558 3455; x_wconf 84' lang='lat' dir='ltr'><strong>(minor)b</strong></span> <span class='ocrx_word' id='word_1_227' title='bbox 587 3394 590 3441; x_wconf 82' lang='lat' dir='ltr'><strong>l</strong></span> <span class='ocrx_word' id='word_1_228' title='bbox 612 3384 853 3441; x_wconf 70' lang='lat' dir='ltr'><strong>acclamatibus</strong></span> <span class='ocrx_word' id='word_1_229' title='bbox 872 3405 899 3440; x_wconf 85' lang='grc' dir='ltr'><strong>ιιι</strong></span> <span class='ocrx_word' id='word_1_230' title='bbox 921 3386 931 3457; x_wconf 71' lang='lat' dir='ltr'><strong>d</strong></span> <span class='ocrx_word' id='word_1_231' title='bbox 953 3391 1005 3440; x_wconf 88' lang='grc'><strong>687</strong></span> <span class='ocrx_word' id='word_1_232' title='bbox 1024 3386 1090 3440; x_wconf 67' lang='lat' dir='ltr'><strong>aaz</strong></span> <span class='ocrx_word' id='word_1_233' title='bbox 1113 3390 1129 3442; x_wconf 87' lang='lat' dir='ltr'><strong>b</strong></span> <span class='ocrx_word' id='word_1_234' title='bbox 1150 3388 1162 3459; x_wconf 83' lang='grc' dir='ltr'><strong>ΙΙ</strong></span> 
     </span>
     <span class='ocr_line' id='line_1_37' title="bbox 148 3452 1162 3570; baseline 0 -60"><span class='ocrx_word' id='word_1_235' title='bbox 148 3461 197 3510; x_wconf 82' lang='grc'><strong>691</strong></span> <span class='ocrx_word' id='word_1_236' title='bbox 222 3458 380 3511; x_wconf 85' lang='lat' dir='ltr'><strong>insultub:</strong></span> <span class='ocrx_word' id='word_1_237' title='bbox 405 3458 520 3513; x_wconf 87' lang='lat' dir='ltr'><strong>insulcit</strong></span> <span class='ocrx_word' id='word_1_238' title='bbox 542 3476 570 3514; x_wconf 88' lang='lat' dir='ltr'><strong>m</strong></span> <span class='ocrx_word' id='word_1_239' title='bbox 581 3452 603 3570; x_wconf 55' lang='lat' dir='ltr'><strong>rit</strong></span> <span class='ocrx_word' id='word_1_240' title='bbox 628 3463 680 3512; x_wconf 83' lang='grc'><strong>696</strong></span> <span class='ocrx_word' id='word_1_241' title='bbox 704 3456 855 3511; x_wconf 85' lang='lat' dir='ltr'><strong>blandiciis</strong></span> <span class='ocrx_word' id='word_1_242' title='bbox 881 3459 960 3510; x_wconf 80' lang='lat' dir='ltr'><strong>tactu</strong></span> <span class='ocrx_word' id='word_1_243' title='bbox 985 3476 1024 3511; x_wconf 86' lang='lat' dir='ltr'><strong>m:</strong></span> <span class='ocrx_word' id='word_1_244' title='bbox 1050 3457 1162 3512; x_wconf 89' lang='lat' dir='ltr'><strong>bland’r</strong></span> 
     </span>
    </p>
   </div>
   <div class='ocr_carea' id='block_1_4' title="bbox 146 3543 863 3636">
    <p class='ocr_par' dir='ltr' id='par_1_10' title="bbox 146 3543 863 3636">
     <span class='ocr_line' id='line_1_38' title="bbox 146 3543 863 3636; baseline 0.004 -21"><span class='ocrx_word' id='word_1_245' title='bbox 146 3564 226 3618; x_wconf 82' lang='lat' dir='ltr'><strong>tactu</strong></span> <span class='ocrx_word' id='word_1_246' title='bbox 245 3565 261 3618; x_wconf 89' lang='lat' dir='ltr'><strong>b</strong></span> <span class='ocrx_word' id='word_1_247' title='bbox 277 3563 288 3636; x_wconf 79' lang='grc' dir='ltr'>Η</span> <span class='ocrx_word' id='word_1_248' title='bbox 311 3570 363 3618; x_wconf 81' lang='grc'><strong>697</strong></span> <span class='ocrx_word' id='word_1_249' title='bbox 383 3563 485 3634; x_wconf 84' lang='lat' dir='ltr'><strong>irrigat</strong></span> <span class='ocrx_word' id='word_1_250' title='bbox 503 3583 541 3620; x_wconf 85' lang='lat' dir='ltr'><strong>m:</strong></span> <span class='ocrx_word' id='word_1_251' title='bbox 562 3543 675 3633; x_wconf 81' lang='lat' dir='ltr'><strong>inrogat</strong></span> <span class='ocrx_word' id='word_1_252' title='bbox 694 3565 730 3633; x_wconf 83' lang='grc'><strong>61</strong></span> <span class='ocrx_word' id='word_1_253' title='bbox 746 3563 818 3617; x_wconf 84' lang='lat' dir='ltr'><strong>lema</strong></span> <span class='ocrx_word' id='word_1_254' title='bbox 836 3582 863 3618; x_wconf 84' lang='lat' dir='ltr'><strong>m</strong></span> 
     </span>
    </p>
   </div>
   <div class='ocr_carea' id='block_1_5' title="bbox 0 0 1252 3848">
    <p class='ocr_par' dir='ltr' id='par_1_11' title="bbox 0 0 1252 3848">
     <span class='ocr_line' id='line_1_39' title="bbox 0 0 1252 3848; baseline 0 0"><span class='ocrx_word' id='word_1_255' title='bbox 0 0 1252 3848; x_wconf 95' lang='lat' dir='ltr'><strong> </strong></span> 
     </span>
    </p>
   </div>
  </div>
 </body>
</html>
