2466 3848
136 169 178 232 28
585 169 699 223 salon

78 332 117 371 665
136 319 251 377 terreus
275 318 404 378 obdurat
425 320 544 395 pulsus,
568 321 704 379 acredine
727 320 863 398 linguam

137 405 272 482 obducit,
294 410 397 467 tenues
420 408 524 467 mines
548 409 648 470 efficit.
686 410 768 469 aetas

136 496 211 555 hora
233 495 334 555 diaeta
356 497 440 557 locus
463 499 494 555 et
516 497 701 573 complexiva
723 500 856 574 potestas

137 587 168 643 65
189 587 336 645 nocturna
358 585 455 664 magis
478 587 611 646 invitans
633 587 708 646 hora
731 587 876 662 dolorem,

135 674 209 732 haec
231 673 288 733 tibi
310 674 438 734 lucidius
461 677 602 751 poterunt
623 675 787 736 describere
811 695 939 737 causam.

79 782 118 822 656
209 762 424 839 Squinantis
448 765 561 840 species
584 768 644 824 tres
667 765 775 824 humor
797 766 900 843 lapsus
923 766 963 826 ad
985 786 1090 842 ysmon

137 854 280 927 procreat.
318 851 350 910 in
373 853 471 929 prima
492 855 588 930 replet
609 871 716 928 ysmon
738 857 805 914 tota
827 857 934 916 nociva

136 940 290 1015 materies,
313 961 367 1000 nec
390 941 477 1020 signa
498 942 572 1002 mali
594 945 745 1002 testantur
767 943 869 1003 adesse

136 1029 309 1104 perniciem,
333 1050 388 1090 nec
410 1033 495 1092 testis
520 1032 605 1091 adest
627 1034 738 1106 tumor,
761 1032 853 1091 immo
877 1033 988 1093 doloris

136 1119 291 1194 praedicat
312 1121 464 1179 inmunem
487 1141 546 1180 non
568 1120 719 1180 inmutata
741 1121 838 1199 figura

79 1225 118 1266 655
138 1227 191 1266 566
215 1210 295 1267 66165
319 1208 468 1269 adversus.
505 1211 654 1270 humanae
678 1210 828 1270 subtrahit
851 1230 940 1289 aegro

138 1298 267 1356 officium
291 1298 372 1359 vocis
395 1302 425 1358 et
447 1299 531 1358 fandi
554 1299 684 1377 denegat
705 1319 793 1358 usum

137 1388 252 1463 passio,
277 1387 348 1445 dum
371 1390 447 1447 nutu
471 1388 626 1447 claustrali
648 1407 730 1447 more
752 1389 863 1466 figurat

138 1478 313 1552 conceptum
335 1477 444 1537 mentis
467 1479 497 1536 65
520 1477 640 1555 linguae
662 1478 729 1537 iura
752 1477 866 1536 silentis

137 1568 265 1640 usurpat
289 1564 410 1643 digitus.
447 1568 546 1626 cervix
570 1570 632 1626 stat
653 1566 754 1626 nescia
776 1565 865 1639 flecti,

80 1671 120 1710 666
137 1654 266 1731 pectoris
289 1657 417 1732 angusto
441 1657 525 1715 motu
548 1657 705 1730 tractuque
730 1673 847 1714 moroso

138 1743 235 1802 cordis
259 1743 296 1801 ad
320 1744 452 1802 officium
475 1745 563 1802 flatus
587 1745 641 1819 qui
665 1747 811 1803 caumatis
835 1750 949 1803 aestum

138 1833 266 1909 castiget
287 1832 431 1907 trahitur,
454 1852 507 1892 nec
529 1834 710 1908 pertransire
734 1832 867 1891 ciborum

138 1921 249 1998 pabula
272 1941 325 1980 566
348 1924 422 1998 5655
445 1922 525 1980 refici
548 1922 694 1981 violentia
716 1921 812 1981 morbi

139 2012 287 2087 permittit
308 2030 362 2069 nec
385 2011 518 2089 sugendo
542 2010 659 2070 sorbere
682 2010 814 2070 salivam.

82 2113 120 2152 665
139 2101 248 2158 ultima
270 2101 335 2158 fata
358 2099 420 2160 dies
444 2100 558 2177 primus
582 2101 628 2160 vel
652 2102 738 2160 triste
762 2101 906 2160 secundus

139 2192 283 2266 provocat
305 2190 429 2248 exitium
451 2191 500 2249 vel
522 2189 614 2249 tertia
636 2189 780 2249 terminat
802 2191 884 2267 aegri

139 2277 321 2355 supplicium
343 2279 391 2337 vel
415 2281 524 2354 quarta
546 2281 625 2338 necis
650 2279 829 2337 determinat
850 2279 962 2337 horam.

138 2368 244 2425 Altera
267 2366 435 2442 squinantis
459 2369 572 2443 speeies
595 2367 626 2426 iu
649 2372 735 2443 parte
759 2366 894 2427 recondit

139 2458 221 2514 intus
245 2455 416 2531 materiam,
439 2475 509 2532 pars
533 2458 676 2516 exteriore
699 2457 816 2516 locatur

82 2561 121 2599 666
139 2548 223 2620 parte
247 2545 336 2624 gulae
359 2547 558 2619 semivaeuae,
582 2544 753 2604 conceditur
774 2565 858 2621 ysmo

212 2686 262 2733 647
282 2682 311 2733 et
330 2680 503 2748 complexiva
521 2698 549 2749 p.
568 2698 606 2734 m:
627 2683 655 2733 65
674 2679 830 2748 complexio
850 2679 1022 2733 consuetudo
1040 2698 1068 2746 p.
1088 2679 1103 2731 5

212 2756 263 2804 650
281 2752 355 2805 rubr.
375 2751 418 2805 De
437 2751 601 2820 squinancie
621 2752 713 2805 causis
732 2752 761 2804 65
780 2751 868 2819 signis
888 2752 912 2818 5,
932 2750 967 2804 (16
984 2749 1155 2819 5655565656

141 2838 223 2876 cause
243 2839 306 2875 oum
328 2822 417 2891 signis
435 2840 469 2877 66,
502 2824 534 2877 ia
552 2829 627 2877 56656
646 2822 818 2891 squinantis,
842 2828 873 2875 ut
891 2821 1015 2890 sincopis
1029 2836 1083 2890 566
1100 2820 1155 2873 ein-

140 2909 216 2961 cope.
255 2894 418 2960 quinantia‚
442 2893 617 2960 squinantia‚
640 2893 765 2947 sinantia
783 2895 858 2948 Plat.
883 2894 970 2959 (trica
994 2893 1093 2960 specie:
1116 2892 1156 2945 sic

139 2966 239 3019 rectius
264 2967 295 3018 56
323 2965 379 3019 cod.
396 2967 471 3019 Vrat.
492 2966 520 3020 G.
541 2966 568 3019 S.
588 2967 636 3032 11,
653 2970 707 3019 201
735 2981 817 3033 quam
844 2965 876 3017 iu
904 2963 989 3030 65656,
1018 2964 1067 3017 ubi
1094 2963 1155 3031 qui-

140 3036 253 3104 nantia‚
275 3036 412 3104 sinantia,
434 3036 607 3104 squinantia)
630 3038 633 3107 5
654 3036 866 3105 squinanciae,
890 3034 981 3087 -antis
1000 3035 1036 3104 5)
1057 3051 1155 3103 yemon

141 3104 265 3176 (555556)
279 3108 323 3160 665
337 3133 364 3152 =
377 3108 472 3174 fauces
488 3111 534 3174 (66
547 3109 635 3176 Plat.)
649 3107 659 3179 ll
673 3113 724 3161 653
740 3106 881 3177 Spniciem
898 3123 926 3159 m
943 3104 953 3176 ll
971 3111 1023 3160 654
1042 3122 1098 3159 565
1117 3107 1155 3174 (5)

140 3232 178 3268 m:
203 3191 311 3282 ncc(i1)
332 3216 347 3268 5
369 3212 380 3286 ll
403 3218 454 3268 655
474 3213 561 3267 color:
586 3213 665 3267 dolor
685 3215 729 3268 665
754 3214 810 3284 (scd
830 3213 907 3267 dolor
925 3219 964 3267 665
981 3213 1157 3267 acutissimam

140 3292 203 3340 56656
222 3287 306 3354 Ρ565.)
327 3284 339 3365 ll
363 3289 415 3338 657
434 3287 505 3338 nutu
528 3287 556 3339 b:
581 3286 653 3339 muti
676 3303 702 3339 m
724 3283 734 3357 ll
757 3289 809 3339 658
830 3285 858 3338 65
881 3301 920 3338 m:
946 3301 1010 3338 cum
1033 3285 1049 3338 5
1071 3282 1081 3355 ll
1104 3287 1155 3336 662

141 3357 264 3426 castigat
282 3359 297 3410 5
320 3355 330 3429 5)
357 3362 408 3410 664
427 3357 570 3426 suggendo
589 3358 633 3410 665
655 3356 665 3427 ll
688 3361 740 3410 665
759 3357 805 3410 fc‘a
824 3355 920 3438 (facta)
940 3357 956 3410 b
978 3354 988 3427 ll
1011 3359 1062 3408 668
1080 3355 1155 3408 rubr.

140 3463 174 3517 de
196 3463 286 3518 altera
307 3464 400 3533 specie
423 3481 449 3517 m
468 3464 529 3532 (om.
549 3465 575 3533 5)
596 3466 600 3533 l
621 3463 780 3531 squinantis
803 3463 846 3517 md
871 3439 986 3532 (5555555
1012 3467 1045 3514 ut
1070 3476 1156 3529 66566

141 3535 166 3602 5)
189 3533 199 3606 ll
222 3541 273 3589 670
292 3535 358 3604 gule
376 3554 415 3590 m:
435 3534 503 3604 gula
522 3536 538 3589 5
559 3537 563 3603 Ι
585 3534 744 3590 semivaeua
762 3534 806 3588 665
828 3535 831 3604 l
853 3531 1016 3587 conceditur
1033 3536 1112 3600 yeme
1131 3531 1156 3596 5,
