2466 3848
553 237 721 292 VIATIOUS

132 385 230 461 prima
253 387 315 446 dies
337 387 434 445 morbi
457 389 504 447 vel
527 388 612 447 triste
635 390 764 448 secunda
787 390 918 448 minatur

133 474 270 550 exitium,
293 495 347 535 nec
370 478 506 535 concedit
528 478 581 535 lux
602 478 694 536 tertia
717 479 821 537 lucem.

132 564 230 623 Huius
253 583 331 641 pena
352 567 469 625 minor
490 565 587 624 morbi
608 567 708 626 minus
731 567 846 643 inpedit
869 572 953 627 actus

73 667 112 708 333
131 653 339 713 membrorum.
357 715 359 719 ,
377 673 481 714 sensus
505 655 623 714 animae
647 674 701 715 sua
724 656 825 716 debita
848 658 951 732 solvit,

131 742 297 819 inperfecta
319 750 433 817 tamen,
458 746 487 803 et
509 744 646 803 liberiore
669 748 772 804 meatu

132 832 254 908 spiritus
279 850 420 907 oppresso
443 833 580 909 pulm0ni
601 833 668 892 iura
690 834 850 894 ministrat.

132 939 185 979 nec
206 920 285 980 redit
307 921 380 980 haec
402 921 498 981 morbi
522 921 647 998 species,
671 943 724 982 nec
747 943 828 982 more
850 925 983 1000 maligno

131 1010 261 1070 insultus
284 1010 377 1070 iterat
398 1011 534 1071 renovati
556 1031 634 1088 pena
656 1013 780 1091 flagelli,

74 1115 113 1154 333
132 1117 185 1158 nec
207 1100 286 1158 siout
308 1118 457 1176 yeronoxa
480 1118 548 1160 suas
571 1101 736 1177 interpolat
758 1102 854 1161 horas.

133 1188 203 1247 dnm
226 1192 322 1248 cessat
344 1189 449 1263 semel,
473 1188 617 1249 obruitur.
655 1191 753 1249 nullas
776 1191 913 1266 positura

133 1277 259 1337 insidias
282 1279 393 1337 iterum
416 1277 537 1337 vivendi
559 1282 703 1357 prorogat
724 1280 828 1338 horam

132 1366 257 1426 indutiis
281 1367 317 1425 de
340 1385 421 1425 more
446 1366 532 1426 datis.
579 1369 641 1426 stat
663 1369 764 1443 passio
787 1368 846 1427 fixa

132 1474 186 1531 per
208 1457 322 1530 septem
343 1458 485 1531 protensa
509 1457 570 1514 dies
595 1458 625 1514 et
647 1457 799 1532 protrahit
820 1459 909 1517 horas

75 1560 114 1600 333
132 1545 272 1619 ulterius,
295 1545 387 1603 donec
410 1549 543 1604 cessante
567 1563 658 1604 causa
680 1549 813 1605 resumat

132 1634 259 1692 virtutes
282 1635 391 1692 natura
413 1651 492 1692 suas.
528 1634 610 1693 Haec
633 1635 763 1711 dampna
786 1636 938 1695 ministrat

133 1740 267 1782 excessus
291 1724 445 1800 crapulae,
468 1723 516 1783 vel
538 1723 647 1782 balnea
670 1724 773 1783 crebra
795 1725 944 1801 liquentes

133 1830 209 1886 quae
233 1812 355 1887 chymos
378 1811 521 1886 reddunt,
544 1812 593 1872 vel
616 1832 694 1888 quae
718 1809 894 1892 generantia
916 1813 1034 1873 morbos

134 1901 196 1960 otia
219 1918 325 1977 corpus
348 1901 442 1960 alunt.
478 1901 589 1977 premit
610 1902 684 1960 haec
708 1904 860 1979 oppressio
884 1921 989 1979 corpus

75 2006 115 2045 333
133 1989 334 2065 plectoricnm.
372 1991 398 2049 si
420 1991 576 2049 materiam
599 1990 635 2048 de
658 1992 804 2070 sanguine
828 1991 920 2051 sumit

134 2079 247 2153 passio,
270 2080 447 2156 turgescunt
469 2098 574 2153 venae,
598 2079 690 2139 rubor
712 2082 839 2157 occupat
862 2099 922 2139 ora.

134 2166 296 2245 flegmatici
318 2168 344 2226 si
366 2168 524 2226 materiam
547 2169 600 2227 dat
623 2171 709 2246 copia
732 2169 843 2244 chymi,

134 2255 273 2332 pallescit
295 2255 395 2315 facies.
432 2259 463 2316 et
485 2276 616 2333 aquosae
639 2258 735 2317 sordis
759 2258 796 2317 ab
820 2276 870 2316 ore

134 2345 251 2404 rivulus
275 2348 409 2419 emanat,
431 2346 541 2405 humor
563 2347 589 2405 si
612 2349 736 2422 quartus
760 2346 923 2406 habundat.

77 2448 116 2489 333
134 2434 196 2493 illis
218 2434 362 2510 inspectis
385 2436 512 2494 intentio
537 2435 641 2494 sedula
664 2436 758 2513 signis

208 2608 259 2657 312
278 2603 359 2657 triste
372 2622 412 2657 m:
431 2606 503 2658 teste
522 2604 625 2728 bqsslb
645 2622 697 2660 nec
715 2624 754 2660 m:
773 2606 836 2659 neci
855 2605 894 2677 bil
908 2611 960 2658 314
973 2607 1047 2660 rubr.
1064 2604 1151 2675 Signa

137 2676 176 2743 (et
195 2691 278 2728 cause
298 2675 324 2744 b)
342 2675 458 2728 minoris
478 2692 550 2744 apop
564 2677 625 2730 exie
644 2678 687 2732 bm
709 2677 719 2749 ll
742 2682 794 2759 313
813 2676 895 2731 solvit
915 2694 954 2730 m:
979 2676 1090 2731 solvunt
1108 2677 1124 2730 b
1141 2677 1151 2747 ll

137 2787 188 2835 333
206 2782 364 2850 inperfecte
381 2800 420 2835 m:
440 2783 485 2834 -33
504 2782 520 2835 3
542 2781 552 2853 q
576 2788 627 2836 ers
646 2799 697 2836 nec
716 2801 754 2838 m:
774 2761 793 2837 i
812 2783 887 2852 (3333)
906 2784 922 2836 3
944 2783 954 2856 q
977 2787 1028 2836 333
1047 2783 1077 2837 a
1096 2783 1151 2836 ser-

136 2854 182 2906 tus
201 2854 217 2907 b
235 2853 245 2925 Η
263 2858 315 2907 330
329 2855 426 2922 yero(a
439 2855 551 2921 m)noxa
569 2855 612 2908 mb
631 2855 649 2907 i.
665 2871 685 2908 e.
701 2871 782 2908 sacra
796 2854 899 2922 passio,
918 2860 950 2908 ot
962 2855 1042 2922 infra
1054 2872 1079 2909 c.
1089 2858 1150 2909 342.

136 2923 231 2979 Simon
248 2941 269 2978 3.
288 2925 361 2991 iera,
380 2925 420 2978 10.
438 2924 471 2978 de
489 2925 517 2979 S.
528 2927 618 2979 Paulo
634 2942 677 2993 pr.
692 2927 735 2991 ΙΙ,
750 2932 768 2980 6
786 2927 814 2979 et
833 2925 937 2978 dicitur
954 2941 1113 2993 yeronoxon
1132 2926 1151 2977 i.

137 3011 218 3048 33333
235 2996 329 3064 passio
349 2996 380 3064 (f.
395 3000 446 3049 141
454 2997 488 3063 b).
507 2994 517 3066 Η
535 3001 587 3050 324
606 2997 641 3049 al.
657 2997 698 3051 Io.
713 2996 847 3050 interficit
862 3012 951 3064 usque
967 2997 1004 3049 ad
1023 2996 1151 3063 quintam

138 3065 212 3120 diem
232 3072 292 3135 (om.
308 3067 363 3136 Pl.)
386 3065 396 3137 ll
418 3072 470 3121 336
488 3068 563 3121 rubr.
584 3067 672 3136 Signa
695 3067 843 3137 apoplexia
861 3066 900 3119 HI
918 3085 944 3122 m
964 3069 1024 3136 (cm.
1044 3068 1078 3134 b).
1115 3071 1149 3132 otss

137 3139 177 3192 Io.
193 3136 323 3206 procedit
341 3139 436 3191 autem
454 3137 506 3191 heo
525 3137 650 3191 valitudo
668 3138 713 3192 his
733 3140 781 3207 qui
799 3138 918 3192 nimium
935 3138 1031 3192 vinum
1049 3135 1152 3190 bibunt

138 3210 167 3263 et
185 3209 235 3277 qui
253 3225 319 3276 sepe
336 3208 433 3263 lavant
451 3211 480 3263 et
499 3208 595 3262 colunt
613 3211 700 3277 caput
718 3213 747 3264 et
765 3211 814 3278 qui
833 3209 995 3277 frequenter
1017 3207 1120 3262 sudant
1142 3208 1152 3279 ll

139 3319 190 3367 328
213 3315 336 3385 ffancia
359 3315 387 3368 b:
410 3298 532 3386 §nansia
555 3315 727 3384 (gravancia)
750 3333 777 3370 m
798 3315 808 3386 ll
833 3318 886 3367 330
907 3315 982 3369 rubr.
1007 3312 1095 3382 Signa
1118 3330 1152 3366 33

139 3387 275 3454 sanguine
298 3404 325 3440 m
349 3388 409 3454 (om.
429 3388 455 3452 b)
479 3389 482 3452 Ι
505 3385 689 3454 plectoricum
713 3387 764 3440 rab.
807 3387 842 3453 of.
865 3385 931 3439 Sim.
954 3401 976 3438 3.
1001 3383 1152 3452 pletorioos

138 3456 306 3525 plectorious
320 3457 420 3526 plenus
434 3456 558 3525 repletus
574 3459 626 3511 etc.
646 3456 656 3529 ll
674 3462 725 3510 333
739 3458 814 3512 rubr.
830 3455 918 3525 Signa
936 3471 970 3508 33
985 3454 1152 3510 melancolia

138 3529 298 3671 iniiminii
312 3526 718 3667 iniiinmeifiiiiiiim
736 3526 884 3596 ⁸p⁰p¹⁰¹i⁰
903 3525 954 3579 ΠΗ
972 3543 999 3580 m
1018 3527 1078 3595 (m
1098 3528 1126 3594 b)
1147 3527 1149 3595 Ι
