2466 3848
537 206 704 263 VIATIOUS

117 359 272 417 insinuant
293 359 415 436 linguae
438 359 534 418 salsus
557 376 659 436 sapor,
682 360 757 418 hora
779 359 933 437 flagellum

55 469 100 509 roro
117 466 197 507 nona
219 447 293 506 mali
314 465 474 523 renovans,
498 447 623 507 fervoris
646 449 785 525 praevius
809 449 907 527 algor,

118 536 281 596 consimilis
304 535 397 595 minio
421 538 488 596 faex
511 536 666 615 sanguinis
689 540 720 603 et
741 537 920 598 mediocrem

118 628 208 685 nacte
230 627 357 700 statum,
380 625 484 702 pulsus
507 627 594 685 velox
616 628 647 685 et
668 625 789 686 fortiter
810 627 939 702 instans,

118 714 266 790 pruritus,
288 714 415 774 reboans
438 715 539 774 erebro
562 716 690 774 tinnitus
713 715 745 773 in
769 735 847 776 aure.

119 822 253 864 escarum
276 803 391 880 sopitus
416 822 512 878 amor,
535 804 601 864 sitis
624 805 824 880 inmoderata,
873 826 875 832 ·

55 909 100 953 rore
120 893 158 952 ad
180 893 277 953 noctis
299 891 428 951 mediam
451 894 591 953 stimulus
615 893 804 970 protenditur
826 895 939 955 horam.

190 981 293 1040 Febris
318 983 429 1042 acetosi
451 981 508 1040 tibi
530 985 665 1058 praestat
687 983 836 1060 flegmatis
860 986 959 1042 ortum

120 1071 214 1148 copia.
250 1071 384 1130 membra
408 1072 520 1146 quatit,
545 1090 612 1131 eum
634 1073 806 1147 vespertina
829 1072 961 1132 laborem

120 1159 236 1220 emeriti
258 1161 330 1220 solis
353 1159 493 1218 membris
515 1161 615 1219 latura
638 1162 770 1238 quietem

120 1251 218 1327 caligo
240 1251 368 1323 resecat,
392 1254 423 1307 et
445 1248 610 1309 subcitrina
632 1249 757 1309 remissa

55 1359 102 1399 roso
120 1339 247 1414 pallenti
269 1338 376 1397 similis
398 1336 586 1397 mediocriter
608 1340 766 1398 attenuata

58 1416 80 1448 “³
120 1427 188 1486 faex
211 1428 321 1502 epatis,
345 1427 426 1485 calor
449 1426 582 1503 algorem
604 1428 702 1486 brevis
724 1427 944 1486 inmoderatum

121 1516 326 1591 subsequitur,
349 1514 483 1594 gravitas
507 1517 637 1577 onerosis
661 1516 787 1576 artubus
809 1517 902 1575 infert

121 1606 292 1683 segnitiem,
316 1603 400 1664 cibus
422 1603 454 1663 in
477 1608 567 1682 gustu
590 1606 639 1664 vel
662 1607 750 1681 potus
775 1606 897 1679 acescit,

122 1693 227 1754 debilis
250 1695 282 1751 et
304 1695 403 1770 segnis
426 1696 472 1754 est
494 1696 612 1770 pulsus,
637 1695 669 1752 in
692 1696 777 1771 parte
801 1693 923 1754 sinistra

55 1802 102 1842 rosc
121 1783 326 1861 pneumatosis
347 1781 445 1842 maior
467 1783 626 1858 stomachi,
650 1783 777 1861 digestio
801 1784 904 1858 cruda,

120 1893 191 1932 rara
213 1872 294 1947 sitis,
317 1875 421 1932 ructus
443 1891 539 1948 aeres,
562 1875 612 1932 vix
635 1872 736 1931 debita
760 1873 851 1932 solvit

121 1966 238 2035 venter,
261 1960 421 2020 sumendae
445 1961 531 2036 dapis
554 1963 600 2020 est
623 1962 733 2020 effrena
751 1962 901 2021 voluntas.

193 2049 356 2128 Flegmatis
380 2050 501 2108 effectus
524 2051 611 2108 vitrei
634 2054 717 2125 sunt,
740 2050 850 2125 inpetit
873 2053 955 2110 artus

121 2139 252 2198 insultus
274 2139 371 2214 primo
394 2138 563 2197 vehementi
584 2139 709 2215 frigore,
732 2138 807 2197 lenti

55 2245 104 2287 roeo
122 2226 286 2305 frigdorem
309 2225 445 2301 sequitur
467 2227 592 2287 fervoris
615 2227 737 2286 flamma
759 2229 924 2302 tepescens,

123 2318 228 2394 pulsus
251 2317 283 2374 in
305 2316 421 2375 insultu
444 2315 553 2376 brevis*
566 2318 612 2375 est
634 2318 664 2374 et
688 2316 807 2390 debilis,
830 2315 911 2376 horis

123 2405 276 2465 nocturnis
298 2407 424 2464 renovat
446 2406 538 2464 febris
561 2405 679 2464 exitiale
703 2405 856 2482 periclum.

124 2494 250 2571 limpida
272 2493 441 2571 resplendet
464 2494 565 2553 albens
588 2495 688 2569 urina,
712 2494 837 2572 globosa

197 2687 264 2735 2011
284 2681 371 2735 minio
390 2682 421 2736 d:
440 2683 538 2735 trctmo
554 2684 563 2751 (
584 2683 612 2749 ')
628 2684 643 2736 b
658 2682 749 2751 (urina
763 2680 825 2734 rufa
838 2679 884 2736 vel
902 2680 1018 2735 subrufa
1031 2683 1116 2751 Prae.)
1134 2681 1136 2751 Η

124 2753 294 2807 mediocrem
313 2754 343 2807 d:
364 2753 434 2806 -cris
453 2754 469 2807 b
488 2753 677 2822 (mediocriter
694 2753 787 2807 tennis
807 2755 835 2808 et
852 2753 1031 2807 mediocriter
1049 2753 1140 2822 spissa

125 2826 198 2880 Plct.
218 2826 320 2894 0110.)
339 2824 348 2896 ΗΗ
367 2830 435 2878 2012
454 2824 565 2894 pulsus:
584 2826 619 2891 ef.
634 2827 675 2879 Io.
689 2824 802 2893 pulsum
819 2824 943 2878 velocem
963 2826 991 2878 et
1010 2824 1138 2893 spissum,

125 2896 201 2949 sitim
220 2899 249 2950 et
267 2897 395 2950 nausiam
471 2895 481 2968 ΗΗ
500 2901 569 2949 2013
588 2894 707 2950 reboans
726 2896 756 2949 d:
776 2895 875 2948 rubras
894 2897 910 2950 b

197 2973 266 3020 2016
285 2969 360 3023 rubr.
380 2967 422 3021 De
445 2967 602 3021 cottidiana
623 2983 657 3020 ex
679 2966 811 3036 flegmate
834 2969 947 3020 acetoso
971 2967 987 3020 b
1007 2969 1011 3034 Η
1031 2968 1140 3035 prestat

126 3040 210 3106 (prat)
230 3039 245 3092 b
265 3041 368 3107 (·stant
387 3041 415 3108 d)
437 3041 440 3109 Η
461 3040 571 3093 0111οι
591 3038 646 3091 orti
665 3039 684 3091 d
706 3039 715 3110 ΗΗ
739 3043 808 3091 2018
827 3037 950 3092 emeriti:
971 3037 1094 3091 emeritis
1113 3037 1139 3102 d,

127 3127 223 3196 eniiati
241 3144 257 3197 b
277 3145 287 3216 ΗΗ
305 3149 374 3198 2019
394 3147 502 3199 resecat
519 3145 562 3198 bd.
596 3146 630 3209 cf.
646 3145 720 3199 Plat.
739 3145 769 3197 in
788 3161 849 3199 sero
868 3143 970 3213 incipit
988 3143 1113 3213 affligere
1131 3142 1141 3214 ΗΗ

126 3219 197 3267 2022
216 3215 359 3268 honerosis
378 3217 394 3270 b
419 3218 421 3288 Η
440 3222 510 3270 2024
530 3218 584 3269 est:
603 3217 644 3270 sic
662 3215 696 3269 db
713 3218 717 3284 Ι
733 3216 763 3268 in
783 3218 811 3270 b:
830 3232 881 3269 om.
900 3217 919 3269 d
937 3215 946 3286 ΗΗ
965 3220 1034 3268 2020
1054 3230 1140 3283 pneu-

127 3285 210 3338 matis
230 3288 273 3340 est
291 3303 327 3338 m.
347 3287 381 3356 (1)
400 3216 419 3341 Η
436 3287 445 3359 Η
467 3288 690 3354 2026111111εὸ
710 3287 877 3356 (1111110111)
898 3285 908 3357 ΗΗ
929 3291 997 3339 2027
1018 3286 1105 3353 dapes
1125 3285 1141 3339 b

199 3362 268 3411 2028
290 3358 366 3411 rubr.
389 3357 431 3412 De
454 3357 609 3413 cottidiana
632 3373 666 3411 ex
688 3357 820 3427 flegmate
838 3357 927 3411 vitreo
947 3358 962 3411 b
983 3360 987 3424 Ι
1009 3356 1075 3410 eff'c
1094 3357 1109 3410 b
1135 3356 1138 3428 Η

126 3429 193 3480 sunt
211 3428 239 3482 b:
259 3427 346 3482 febris
364 3429 384 3482 d
405 3427 414 3500 ΗΗ
440 3434 509 3483 2029
528 3428 629 3481 insult9
648 3430 676 3483 b:
696 3430 745 3482 -tu
763 3430 782 3482 d
798 3431 802 3498 Η
819 3428 922 3497 frigore
942 3430 1005 3496 (bic)
1025 3429 1053 3482 b:
1073 3427 1142 3496 frig-

126 3498 194 3553 dore
213 3500 302 3568 (male)
325 3501 344 3554 d
366 3498 376 3571 ΗΗ
398 3504 468 3553 2030
492 3500 644 3569 frigdorem
663 3500 693 3553 d:
713 3515 759 3554 -re
783 3501 798 3554 b
821 3499 830 3571 ΗΗ
854 3503 923 3552 2038
942 3500 977 3566 ef.
992 3500 1091 3554 Barth.
1111 3501 1143 3553 in

127 3571 194 3626 boll.
209 3570 267 3626 Sal.
282 3573 325 3638 11,
339 3573 392 3626 751
411 3574 510 3640 (praet.
525 3571 555 3626 O.
571 3570 598 3625 S.
614 3571 667 3637 IV,
681 3575 749 3639 342)

951 3675 985 3727 Q*
