2466 3848
558 202 727 257 VIATIOUS
789 201 791 204 ’

137 370 330 428 praecurrens
353 353 474 430 signum
496 371 556 412 non
578 353 746 429 praedicat,
769 354 877 431 arripit
899 359 1021 433 aegrum

137 441 239 517 passio
261 440 385 501 fintiva.
421 442 608 501 stomachum
629 461 696 501 cum
718 444 808 501 noxia
829 444 926 503 morbi

139 547 230 590 causa
252 530 361 607 replet,
385 529 469 589 dolor
492 533 614 590 accusat
637 532 690 607 qui
712 532 794 592 virus
816 531 927 593 ibidem
968 560 969 565 ¹

139 619 253 697 allegat
274 618 395 678 latitare
418 620 500 679 mali.
536 620 636 698 gravis
660 638 727 680 esca
749 621 890 681 molestat

78 721 119 762 ass
139 707 273 767 officium
295 708 471 787 digestivae,
494 710 675 786 praenuntia
698 711 785 788 signu

139 816 241 858 casum
264 798 485 875 praescribunt,
508 817 576 857 cum
598 799 765 874 perniciosa
787 803 924 859 movetur

139 886 292 962 materies,
315 888 387 945 dum
410 886 547 964 subrepit
569 888 714 947 violantia
736 888 813 946 fumi

139 975 301 1051 sensibilia,
325 976 378 1053 qui
400 978 544 1052 serpendo
567 994 706 1053 suprema
728 977 849 1037 lacessit

140 1063 297 1140 sincipitis.
334 1067 361 1125 si
383 1083 473 1125 causa
495 1084 616 1125 manens
640 1067 672 1124 in
695 1069 780 1142 parte
803 1068 919 1125 remota

81 1167 122 1206 ³⁷0
140 1158 307 1214 commovet
328 1155 406 1213 hanc
428 1157 555 1232 pestem,
578 1155 698 1233 signum
719 1156 915 1231 praenuntiat
938 1175 1027 1234 aegro

139 1243 288 1303 insultum
310 1243 421 1318 morbi,
444 1244 516 1302 dum
538 1245 617 1319 repit
640 1263 730 1303 causa
752 1246 859 1303 nociva

141 1333 273 1408 corporis
297 1332 335 1392 ad
358 1332 511 1408 templum.
548 1333 639 1392 semel
661 1334 735 1392 haec
757 1334 906 1410 completa
927 1335 1069 1395 retransit

140 1422 254 1499 passio,
277 1422 398 1481 fallaces
421 1422 494 1479 dum
517 1421 646 1498 quodam
667 1421 733 1480 iure
755 1423 888 1500 maligno

141 1509 263 1570 insidias
286 1511 386 1588 ponit,
408 1511 506 1569 medio
530 1510 603 1587 quia
625 1514 758 1588 tempore
782 1529 899 1571 cessans

82 1613 122 1652 sua
141 1600 286 1658 mentitur
307 1600 453 1676 requiem,
476 1598 529 1659 sed
551 1601 630 1677 post,
642 1600 775 1660 recidiva
797 1601 941 1660 reformat

142 1689 266 1747 exitium
288 1689 382 1749 subiti
404 1708 551 1749 renovans
574 1689 745 1749 discrimina
767 1689 876 1764 morbi,

141 1796 223 1836 mora
245 1778 336 1838 fabris
360 1797 391 1837 se
414 1780 602 1838 continuans.
637 1779 711 1838 haec
733 1797 811 1855 pena
833 1797 886 1855 per
907 1779 1012 1838 horam

143 1866 266 1944 affligit,
289 1867 469 1944 quandoque
492 1870 601 1943 quater
622 1870 765 1928 renovata
786 1887 839 1944 per
861 1887 955 1927 unum

142 1956 326 2032 multiplicat
348 1959 498 2016 tormenta
521 1956 613 2032 diem,
637 1956 815 2034 quandoque
837 1956 958 2018 nocivos

84 2064 125 2102 asc
142 2045 279 2120 triplicat
300 2045 441 2120 insultus,
465 2048 590 2105 renovat
613 2047 790 2123 quandoque
813 2045 945 2120 minam,

143 2152 369 2211 nonnumquam
392 2135 482 2194 semel
505 2134 636 2194 infestat
673 2133 705 2192 Si
727 2136 806 2195 sicca
829 2134 870 2194 sit
892 2135 955 2193 eius

143 2224 297 2298 materias,
320 2242 387 2283 cum
409 2225 482 2282 luna
505 2223 566 2283 suis
590 2222 754 2283 defectibus
779 2223 879 2282 orbem

145 2311 298 2386 diminuit,
322 2313 409 2372 cedit.
446 2314 472 2372 si
495 2331 586 2372 causa
608 2312 649 2372 sit
670 2313 807 2387 humida,
830 2314 919 2371 lunas

145 2404 293 2460 cremento
317 2403 423 2461 crescit
444 2401 574 2461 morbus.
611 2421 677 2461 cum
701 2404 790 2479 plena
813 2401 854 2461 sit
876 2404 940 2462 aius

217 2576 269 2624 362
287 2573 362 2626 rubr.
378 2570 465 2641 Signa
479 2572 622 2626 analensie
640 2571 679 2625 111
693 2590 720 2626 m
738 2574 792 2641 (om
811 2573 836 2640 b)
850 2572 860 2643 l!
875 2577 927 2625 366
941 2574 1023 2625 ca‘um
1039 2588 1078 2624 m:
1099 2588 1159 2624 cam

146 2646 281 2712 (causam)
301 2643 317 2697 b
340 2642 350 2714 ll
373 2647 424 2696 367
444 2643 566 2711 surrepit
584 2644 600 2697 b
618 2643 628 2715 ll
647 2648 698 2697 368
717 2643 834 2696 lacescit
852 2661 891 2708 m,
915 2641 1029 2695 latescit
1047 2641 1063 2695 t
1080 2640 1090 2712 ll
1109 2647 1160 2694 339

145 2715 219 2770 mbr.
236 2713 324 2784 Signa
341 2713 543 2782 cathalempsie
561 2713 575 2767 1
592 2732 619 2768 m
634 2717 638 2782 1
654 2715 685 2767 in
703 2716 783 2782 parte
802 2716 911 2768 remota
928 2730 963 2768 sc.
982 2713 1013 2766 in
1031 2713 1161 2766 extremi-

145 2784 253 2840 tatibus
272 2787 305 2839 ut
323 2785 354 2838 in
372 2783 503 2838 manibus
516 2784 561 2838 vel
579 2784 700 2854 pedibus
714 2787 788 2840 Plat.
807 2785 817 2857 ll
836 2791 886 2838 371
901 2786 976 2839 rubr.
991 2786 1011 2838 i.
1024 2802 1059 2838 m.
1073 2783 1161 2838 Inter-

145 2857 244 2925 polata
263 2859 306 2910 est
323 2875 351 2911 m
371 2859 376 2925 Ι
396 2856 472 2924 rapit
489 2875 517 2911 m
537 2859 541 2924 Ι
562 2857 661 2910 nociva
680 2857 707 2910 t:
728 2857 819 2910 nocivi
841 2874 868 2910 m
890 2855 901 2928 ΙΙ
923 2861 974 2909 373
999 2853 1161 2924 cataleptici

147 2944 243 2981 casum
267 2927 464 2997 praesentiunt
490 2928 571 2995 quasi
597 2928 752 2996 reptionem
778 2926 960 2981 formicarum
984 2925 1029 2980 vel
1054 2929 1161 2979 motum

147 2999 294 3052 cuiusdam
321 3015 408 3052 aurae
436 3014 470 3052 ex
496 2998 616 3053 materia
648 3015 756 3052 sursum
789 2999 959 3052 ascendente
985 2999 1060 3052 Plot.
1090 3003 1094 3064 Ι
1124 2998 1161 3049 ad

147 3068 285 3138 templum
298 3071 317 3123 i.
328 3070 365 3122 ad
379 3068 524 3124 cerebrum
538 3070 598 3142 1⁰·ll
612 3075 663 3123 373
679 3070 800 3138 quedam
815 3068 893 3139 (qda)
908 3071 924 3124 b
937 3068 947 3141 ll
961 3074 1013 3122 374
1026 3069 1108 3137 ponit
1122 3086 1160 3122 rur

147 3141 242 3209 posuit
261 3141 277 3194 b
295 3140 305 3212 ll
324 3146 375 3195 373
391 3143 457 3210 post
474 3159 513 3195 mr
532 3141 597 3209 plus
612 3141 716 3210 (pl’s)b
763 3145 814 3194 378
827 3141 901 3194 rubr.
917 3139 1085 3208 quandoque
1100 3139 1162 3206 qui-

148 3211 213 3265 dam
232 3212 323 3266 rarius
342 3211 448 3266 cadunt
466 3230 492 3266 m
509 3214 513 3282 Ι
530 3211 620 3282 attigit
637 3230 677 3266 m:
699 3227 716 3265 a
750 3212 812 3281 'gil’
831 3211 944 3280 (-gitur)
964 3213 1103 3279 blunum
1122 3229 1161 3263 m:

148 3299 232 3336 anum
250 3285 267 3339 b
285 3283 296 3356 ll
313 3287 364 3336 381
384 3283 501 3338 infestat
519 3302 559 3338 mx
577 3283 684 3337 insistit
702 3284 718 3337 b
735 3282 745 3355 ll
764 3282 865 3336 382713
883 3281 952 3336 luna
968 3285 1012 3350 (cu
1027 3280 1161 3348 Galam)

149 3353 239 3409 Oossat.
260 3361 341 3424 pout.
368 3355 454 3421 1,22
477 3355 551 3409 ratde
576 3361 602 3409 ct
626 3356 667 3408 Io.
693 3354 726 3409 ds
751 3354 778 3408 S.
794 3354 898 3408 Paulo:
920 3353 972 3421 Ep.
996 3367 1050 3420 que
1075 3352 1108 3405 fit
1132 3352 1162 3404 in

148 3426 320 3480 incremento
348 3425 427 3491 luna,
458 3425 616 3492 humidam,
649 3441 703 3493 que
735 3424 765 3478 in
797 3423 923 3491 delectu,
953 3425 1089 3476 naturam
1113 3424 1168 3487 <aa

147 3497 306 3567 materiam)
331 3495 420 3550 habet
442 3496 546 3552 nocam
569 3499 662 3570 (aliar
687 3497 774 3568 Picti
798 3495 821 3569 lt
842 3499 900 3549 333
923 3492 1021 3546 cedat.
1035 3490 1122 3540 teda
1142 3487 1190 3534 aab

143 3569 191 3635 (ofi
204 3584 226 3622 a
241 3569 259 3622 l.
275 3570 338 3638 708)

182 3674 298 3718 Eomws
311 3678 348 3720 sd.
358 3679 443 3724 Roas.
1047 3661 1074 3705 ἢ·
