2466 3848
125 192 166 256 18
573 187 686 242 nomn

65 357 104 397 sss
122 339 233 411 orbita,
256 339 305 398 lex
326 338 423 398 morbi
444 341 530 398 motu
552 339 630 397 redit
652 339 822 399 orbiculari.

122 429 235 488 labitur
255 429 306 488 hic
328 429 360 486 in
383 445 482 486 mense
505 427 609 501 semel,
632 427 788 504 duplicate
809 430 897 487 ruina

121 517 209 576 illum
231 517 391 591 subvertit,
413 516 510 575 tribus
533 517 582 575 hic
605 536 623 575 a
647 517 763 576 casibus
787 519 869 577 extat

121 607 273 666 mensibus
294 606 440 680 inmunis,
463 605 602 664 illaesum
625 609 755 681 quatuor
777 605 864 665 illum

121 697 300 756 conservant
321 712 449 768 mansee,
471 695 520 754 hic
542 695 588 753 bis
612 694 782 755 subcumbit
802 695 835 753 in
859 715 950 770 euno,

64 803 104 843 rso
120 785 172 844 ille
194 785 299 858 semel,
321 784 480 860 variatque
503 782 582 843 vices
606 784 648 842 sic
671 803 762 844 causa
784 785 940 843 malorum.

121 875 148 934 si
170 892 292 933 causam
313 873 389 932 fluor
411 873 568 947 informat,
591 874 739 933 maturius
762 873 858 932 instat

120 962 249 1022 insultus
272 962 419 1038 replicans
443 961 589 1037 citiusque
612 964 737 1022 vacante
760 963 860 1039 priore

121 1050 252 1111 succedit
273 1069 413 1128 pressura
435 1069 571 1127 sequens.
612 1054 769 1127 compacta
790 1055 926 1110 moratur

120 1142 260 1200 materies
283 1140 460 1216 stabilisque
482 1142 585 1199 manet
606 1141 762 1217 morbique
784 1141 915 1200 refrenat

64 1247 102 1286 sss
120 1232 236 1290 motum
257 1230 465 1307 praecipitem,
488 1232 633 1289 renovata
656 1229 789 1306 pericula
811 1248 876 1290 sero

120 1321 305 1395 instaurans,
328 1319 497 1396 aliquisque
519 1319 600 1378 malo
622 1322 726 1379 manet
747 1337 819 1378 usus
842 1321 874 1378 in
897 1319 958 1378 illo.

121 1410 146 1467 si
169 1409 292 1486 sanguis
316 1409 357 1468 sit
379 1426 469 1467 causa
491 1409 565 1466 mali
587 1409 635 1466 vel
656 1409 766 1487 flegma
788 1409 835 1467 vel
858 1409 967 1468 humor

121 1500 245 1572 quartus
267 1499 315 1558 vel
338 1499 449 1571 colera,
472 1497 532 1556 sint
554 1495 641 1574 signa
663 1497 720 1557 tibi
743 1497 824 1557 color
847 1499 919 1572 oris,

120 1589 218 1659 aetas,
240 1588 342 1661 urina,
365 1589 497 1662 tempus,
521 1586 698 1661 complexio,
721 1589 793 1645 vita.

62 1691 102 1730 roo
120 1674 259 1735 Gestibus
282 1676 355 1733 haec
378 1675 470 1734 variis
494 1674 642 1733 deformat
664 1674 765 1751 passio
788 1675 915 1732 formam

119 1765 265 1824 informis.
301 1783 371 1822 nam
394 1761 540 1822 deformes
557 1763 638 1822 hunc
661 1781 795 1839 promere
817 1763 909 1821 rictus

121 1855 203 1931 cogit
225 1855 255 1911 et
277 1852 346 1910 huic
369 1869 506 1929 spasmus
529 1850 647 1910 labrum
671 1851 830 1926 detorquet
852 1850 891 1909 ad
914 1869 1029 1924 aurem,

120 1942 256 2000 dentibus
279 1942 328 2000 hic
349 1940 478 2015 frendet,
500 1940 550 1999 hic
572 1960 724 1999 murmure
747 1941 913 2016 pernicioso

119 2033 251 2105 intonst,
273 2032 322 2090 hic
345 2032 457 2104 stertit,
480 2034 593 2089 tremor
614 2031 704 2089 huius
728 2030 859 2089 concitet
882 2046 957 2102 ossa,

61 2135 101 2175 sos
118 2121 188 2179 huic
211 2122 311 2180 cervix
334 2120 462 2179 distorta
484 2121 571 2179 iacet.
607 2120 675 2179 fluit
696 2120 787 2179 huius
812 2118 849 2178 ab
872 2138 922 2178 ore

120 2210 204 2269 labra
227 2209 328 2288 rigans
352 2227 495 2284 spumosa
517 2209 596 2283 lues,
619 2209 688 2268 huic
711 2209 843 2284 palpitat
865 2212 948 2268 artus

119 2299 217 2358 nervis
241 2301 401 2357 contractis
426 2302 469 2372 et,
493 2297 572 2372 quod
594 2297 690 2374 pudet
712 2299 798 2357 edere
821 2298 917 2371 dictu,

120 2407 196 2463 quae
219 2388 346 2445 retinere
369 2386 475 2461 nequit
496 2387 610 2445 invitus
634 2386 735 2446 debita
758 2386 847 2445 solvit

119 2478 259 2550 naturae,
282 2475 429 2534 stomachi
451 2476 547 2534 faeces
569 2477 690 2553 regione
713 2475 828 2534 reclusa

61 2579 101 2618 sio
119 2565 260 2625 inferiore
283 2566 364 2624 foras
387 2564 535 2638 eliminat,
559 2564 656 2623 effluit
677 2565 739 2623 ima

118 2655 276 2715 humorum
298 2655 384 2712 testis
408 2652 520 2713 effusio.
558 2655 584 2712 si
607 2654 684 2712 senis
709 2671 801 2712 annos

191 2844 243 2893 385
262 2841 334 2894 mot⁹
357 2843 442 2910 (-tus)
461 2841 535 2896 redit
553 2810 632 2910 (mdc)
653 2841 681 2906 b,
704 2843 784 2894 motu
802 2837 819 2895 d
837 2840 909 2894 ledit
923 2840 981 2906 (ste)
1000 2856 1027 2893 m
1049 2838 1059 2908 11
1083 2842 1133 2891 386

119 2912 149 2965 in
168 2926 320 2966 mensem:
339 2911 405 2966 lunc
424 2928 454 2966 se
473 2913 489 2966 b
506 2911 516 2983 ll
535 2915 586 2965 383
606 2909 737 2964 censibus
755 2929 783 2965 m
801 2912 810 2983 ll
829 2915 880 2964 389
900 2906 1058 2964 succumbit
1075 2927 1102 2964 m
1124 2909 1134 2980 ll

120 2987 170 3036 391
199 2984 274 3038 mbr.
302 2981 344 3037 De
376 2983 492 3037 diversis
523 2981 742 3036 sinthomatibus
772 2998 823 3051 per
852 2980 1040 3036 accessionem
1070 2979 1135 3034 sub-

119 3053 297 3109 venientibus
312 3054 336 3120 t,
356 3053 430 3122 quod
446 3053 563 3122 quidam
575 3054 640 3122 plus
655 3054 760 3108 cedunt
775 3053 891 3122 quidam
905 3052 998 3106 minus
1012 3069 1040 3107 m
1053 3054 1136 3122 (quod

116 3128 238 3194 pertinet
254 3125 293 3179 ad
307 3126 446 3193 praeced.)
463 3132 467 3193 1
483 3126 622 3178 maturius
640 3144 679 3179 m:
698 3125 873 3179 moderacius
893 3122 1068 3192 (mod’aoius)
1087 3124 1103 3177 b
1126 3124 1136 3195 ll

121 3202 171 3251 399
194 3196 335 3266 replicans
358 3214 397 3250 m:
421 3199 485 3251 -cat
508 3199 523 3251 b
544 3200 549 3263 Ι
569 3197 656 3251 cicius
679 3206 740 3264 (ern,
760 3198 824 3264 que)
847 3214 874 3250 m
896 3195 905 3268 ll
929 3200 981 3250 394
1003 3195 1134 3249 materies

119 3286 158 3322 m:
177 3269 236 3322 -rie
255 3269 270 3324 b
286 3270 291 3336 Ι
307 3267 462 3336 morbisque
480 3269 496 3322 b
513 3267 523 3352 ll
542 3273 593 3322 397
607 3269 681 3322 rubr.
697 3285 748 3322 om.
762 3286 802 3334 m,
826 3266 918 3332 Quare
937 3266 1052 3335 quidam
1070 3265 1135 3335 plus

120 3339 226 3393 cadunt
248 3341 264 3393 b
287 3339 296 3412 ll
319 3339 459 3393 assistas
480 3357 563 3394 urina
585 3339 742 3408 complexio
763 3339 824 3392 vita
843 3339 922 3393 dieta
944 3339 1005 3407 (sic)
1028 3339 1052 3404 b,
1075 3340 1134 3393 scil.

114 3409 173 3460 rita
186 3413 205 3461 ιζ
222 3411 303 3464 dieta
317 3411 424 3479 (Plus).
455 3411 491 3478 cf.
505 3410 681 3483 o.450l1401
697 3409 811 3464 informi
825 3410 841 3463 b
857 3411 965 3535 priscus
979 3428 1019 3465 m:
1038 3411 1134 3463 ructus

91 3471 228 3538 blsm
249 3481 282 3530 et
302 3481 375 3536 huic
398 3501 419 3538 s
439 3481 557 3538 labrum
575 3501 615 3540 m:
640 3485 669 3539 et
691 3482 766 3537 huno
789 3498 811 3538 s.
830 3481 859 3535 la
879 3480 900 3536 ii
919 3482 935 3536 t
955 3484 960 3550 Ι
980 3496 1077 3535 aurem
1094 3498 1133 3536 m:

72 3545 164 3588 autes
176 3542 198 3591 b
205 3544 294 3612 3404
309 3551 403 3608 buius
416 3573 460 3610 m.-
475 3557 546 3614 huic
562 3556 602 3632 llll
618 3562 673 3612 403
687 3555 772 3613 luens
786 3554 840 3628 tull
850 3558 969 3622 totque
980 3570 1022 3606 so:
1034 3550 1138 3618 qusdb
