2466 3848
125 227 165 292 14
571 224 685 280 EGIDII
773 265 777 274 .

122 393 215 434 annos
239 375 376 450 infestat,
399 377 431 435 et
452 376 552 453 passio
576 376 684 436 fortior
705 377 786 435 horis

122 468 205 523 mota
227 464 429 525 melancolicis
453 465 611 541 autumpni
633 468 769 542 tempora
791 468 899 525 servat.

123 551 155 611 Si
176 552 274 610 morbi
297 571 418 612 causam
440 555 611 614 stomachus
634 555 728 630 capit,
751 555 865 632 ingruit
887 555 951 615 illic

122 642 221 718 passio
245 661 322 717 quae
345 645 429 702 motu
452 643 584 702 violento
607 643 722 702 viscera
744 643 856 703 turbat.

64 746 103 784 eso
121 734 190 807 post
213 747 309 790 escam
333 733 520 791 stomachum
541 734 650 810 gravat
671 732 843 810 indigestio,
865 735 986 793 morbus

121 822 186 899 loge
210 821 268 880 loci
291 823 415 898 cogente
438 839 508 880 suos
530 821 694 898 interpolat
717 824 811 881 actus.

123 909 155 967 Si
178 909 296 968 cerebro
320 910 420 969 vicina
442 911 538 970 latens
563 912 679 970 occasio
702 911 801 988 gignit

122 1017 247 1072 errores,
271 1002 363 1075 caput
384 999 509 1058 infestat
532 999 585 1074 qui
607 999 682 1059 fixus
704 998 815 1058 ibidem

122 1088 278 1147 continuat
300 1091 450 1147 tormenta
473 1089 570 1162 dolor,
594 1106 648 1147 noc
670 1087 774 1148 devius
798 1107 879 1147 error
927 1089 931 1095 '
977 1101 980 1107 '

64 1178 231 1251 arscessat,
254 1197 308 1236 nec
330 1177 409 1235 ratio
427 1177 507 1235 redit
528 1178 694 1253 intercepta
717 1196 770 1253 per
791 1178 890 1237 horas

194 1266 249 1325 His
272 1266 307 1324 fit
329 1269 402 1325 uota
424 1265 503 1325 notis
527 1266 982 1355 apoplepiapassiumaior.

122 1354 287 1415 destruitur
309 1355 405 1414 virtus
427 1355 555 1430 motiva,
578 1355 738 1431 superstite
761 1357 825 1416 solo

123 1448 205 1502 motu
229 1444 391 1520 pulmonis,
415 1446 469 1519 qui
492 1444 574 1504 cordi
597 1445 698 1504 debita
721 1445 812 1505 solvit

123 1553 189 1591 aere
213 1534 336 1610 spirate.
372 1537 474 1593 tumen
496 1534 552 1591 hoc
575 1535 626 1592 vix
648 1555 769 1593 munere
792 1535 905 1613 gaudet

65 1636 104 1675 300
122 1625 247 1682 naturae
272 1622 366 1682 virtus
388 1624 450 1681 iam
473 1621 653 1698 desponsata
674 1622 788 1681 ruinae.

123 1712 255 1771 officium
278 1713 374 1770 cessat
396 1729 514 1785 sensus,
536 1731 591 1770 nec
613 1711 719 1788 lingua
741 1711 891 1787 loquendo

122 1802 270 1877 interpres
293 1801 402 1859 mentis
426 1801 519 1859 animi
542 1803 656 1860 secreta
678 1800 819 1874 recludit,

122 1907 177 1948 nec
199 1908 298 1948 rerum
321 1888 432 1948 formas
456 1889 559 1948 oculus
582 1908 718 1949 rerumve
741 1889 854 1948 colores

123 1978 250 2055 suscipit
272 1980 435 2054 inpressos,
459 1997 512 2038 nec
535 1979 640 2055 pervia
662 1978 785 2038 vocibus
809 1978 891 2037 auris

66 2079 104 2118 3⁰⁵
123 2066 176 2126 dat
198 2066 296 2126 verbis
320 2067 450 2142 aditum,
473 2087 527 2127 nec
550 2068 727 2128 discretivus
751 2067 876 2126 odorum

123 2156 253 2217 deservit
275 2176 378 2217 sensus
403 2158 533 2231 animae,
556 2176 611 2217 nec
632 2157 739 2235 lingua
761 2175 902 2233 saporum

123 2247 271 2324 gustando
295 2247 406 2323 species
430 2247 594 2321 examinat,
618 2245 755 2305 omnibus
778 2266 838 2304 una

124 2334 249 2394 artubus*
272 2336 365 2394 unitis
388 2337 489 2394 tactus
512 2337 608 2394 vacat.
646 2334 744 2394 obluit
767 2353 820 2393 ora

124 2442 230 2501 spuma
253 2425 330 2484 citae
353 2442 499 2502 praesaga
521 2424 615 2497 neciS,
639 2424 793 2483 conamine
816 2423 931 2481 tractus

67 2525 106 2564 81⁰
124 2532 176 2571 aer
198 2514 335 2572 stertenti
358 2513 472 2590 subigit
494 2512 659 2588 spiramina
682 2512 755 2570 nari.

123 2604 266 2661 terminat
287 2603 343 2661 hoc
366 2604 427 2661 cita
449 2605 530 2661 meta
552 2602 673 2661 malum.
710 2619 780 2659 nam
803 2602 868 2660 fata
890 2618 1030 2675 suprema

196 2795 247 2844 286
267 2790 358 2844 forcor
377 2791 404 2844 b:
424 2789 529 2843 forcius
548 2807 575 2843 m
597 2789 606 2860 l'
630 2794 681 2841 280
702 2788 851 2856 autumpni
869 2804 908 2841 m:
932 2785 1078 2855 augmenti
1096 2786 1113 2840 0
1130 2785 1140 2856 Η

125 2865 176 2915 288
194 2863 268 2916 rubr.
290 2860 377 2931 Signa
400 2861 425 2914 si
449 2861 506 2914 sint
529 2876 564 2914 ex
586 2876 599 2913 9
630 2859 731 2913 macho
754 2860 850 2913 mania
872 2860 901 2911 et
923 2855 1092 2911 melancolia
1115 2858 1139 2923 0,

125 2931 213 3003 Signa
236 2932 260 2985 si
284 2933 341 2985 sint
364 2948 382 2986 9
404 2932 549 2986 stomacho
572 2930 611 2984 III
633 2949 661 2986 m
682 2930 693 3002 ll
714 2935 766 2984 290
785 2927 898 2984 morbus
916 2946 956 2982 m:
979 2925 1071 2981 morbi
1090 2928 1106 2982 b
1130 2927 1141 3000 01

125 3010 177 3059 292
195 3005 270 3059 99909.
291 3003 378 3073 Signa
396 3004 420 3056 si
439 3003 497 3056 sint
519 3003 549 3055 in
568 3001 681 3056 cerebro
701 3003 724 3067 b,
749 3001 836 3071 Signa
858 2999 882 3054 si
906 2999 963 3052 sint
986 3015 1003 3052 9
1027 2997 1139 3054 cerebro

125 3076 163 3130 ΙΠ
181 3094 208 3130 m
226 3075 236 3148 ΙΙ
254 3079 305 3128 290
325 3075 403 3143 capit
420 3092 448 3128 m

197 3152 248 3201 290
267 3147 341 3201 rubr.
362 3146 448 3216 Signa
471 3145 586 3198 maioris
610 3144 757 3213 apoplexia
777 3145 820 3198 bm
840 3144 845 3210 Ι
864 3141 928 3195 Hiis
947 3143 983 3210 01
1004 3141 1036 3194 fit
1054 3141 1082 3194 b:
1102 3141 1141 3194 sit

125 3237 152 3274 m
167 3223 171 3288 Ι
188 3217 368 3287 appopletica
387 3216 429 3288 010
448 3221 500 3270 299
518 3232 633 3271 munere
653 3217 680 3270 b:
700 3229 841 3268 murmure
859 3230 887 3268 m
904 3212 914 3285 ll
934 3217 986 3267 001
1005 3212 1081 3265 auris
1099 3229 1138 3267 m:

125 3306 185 3344 -ree
200 3289 305 3361 001000
320 3288 421 3343 datm:
441 3305 492 3342 cru.
510 3288 525 3341 b
544 3290 592 3356 qai
610 3287 738 3341 auditum
752 3287 762 3358 Η
776 3290 827 3339 300
842 3296 933 3353 sapora
954 3285 983 3339 b:
1003 3299 1077 3337 -rcm
1090 3301 1118 3339 m
1130 3283 1141 3354 ΙΙ

126 3366 176 3416 007
195 3377 253 3414 una
271 3379 310 3415 m:
329 3377 402 3413 unus
422 3361 437 3413 0
453 3359 465 3442 Η
483 3363 535 3413 008
553 3359 654 3441 unitis:
673 3358 769 3412 unitus
788 3357 812 3422 b,
830 3356 920 3410 virtus
938 3374 965 3411 m
981 3359 985 3425 Ι
1001 3353 1094 3409 obluit
1111 3355 1139 3409 b:

125 3430 228 3487 oblinit
245 3451 273 3487 m
295 3432 305 3504 ll
328 3436 380 3486 009
398 3447 475 3485 necis
495 3431 667 3484 m:uoc1sb
687 3431 691 3498 Ι
711 3430 820 3482 tractus
843 3429 871 3483 b:
894 3429 1034 3482 tucinam
1054 3426 1065 3498 Η
1087 3429 1140 3509 010

126 3519 245 3590 subigit:
270 3519 375 3576 subicit
392 3521 436 3574 9ιο
456 3523 460 3589 Ι
481 3519 637 3588 spiramina
654 3535 693 3572 m:
717 3515 859 3586 spiracula
877 3517 893 3571 0
915 3515 926 3588 ll
948 3521 999 3569 011
1020 3519 1038 3569 11
1058 3533 1097 3569 m:
1121 3514 1140 3567 b

112 3592 192 3653 (hec)
209 3593 340 3661 bsecita
359 3593 376 3648 0
