2466 3848
556 189 723 245 VIATIGUS

135 340 291 418 sanguinis
313 342 420 418 ignara
442 340 540 399 tabidi
562 341 624 399 ruit
645 341 735 400 ubere
758 342 848 399 fluxu.

135 429 291 506 praevenit
313 429 442 489 exterior
464 448 564 503 casus,
588 431 713 505 clamor,
735 430 833 505 labor,
855 429 947 504 ictus,

135 520 266 593 sarcina,
288 519 384 592 lucta,
406 517 495 577 ruina
517 519 592 578 levis
614 520 724 594 saltus,
747 537 840 578 venus
863 537 921 578 usu

76 628 116 668 rso
134 607 224 666 noxia
246 607 421 684 multiplici,
445 626 561 682 cursus,
585 626 644 666 non
666 609 756 668 molle
779 607 885 667 cubile.

134 696 261 774 frigidus
286 699 340 755 aut
362 697 456 756 siccus
480 716 531 756 aer
554 697 732 773 quandoque
754 697 898 774 periclum
923 732 925 735 -

134 788 287 860 provocat.
322 785 448 844 interior
470 787 586 845 occasio
610 787 658 845 vel
681 787 765 845 imon
785 786 848 844 irae

135 875 182 935 vel
205 874 338 935 studium
363 874 410 934 vel
433 894 528 948 amor,
552 875 600 934 vel
623 876 696 935 salsi
717 875 866 952 flegmatis
890 875 991 948 ardor,

134 965 183 1022 vel
206 965 321 1022 colerae
345 964 486 1023 stimulus
510 983 600 1039 quam
623 964 687 1022 vini
709 964 808 1042 gignit
830 982 969 1038 acumen,

75 1071 116 1112 rae
135 1054 182 1112 vel
205 1053 288 1113 cibus
310 1052 471 1112 incendens
493 1053 632 1113 humores
656 1053 728 1112 allia
750 1073 874 1130 porrum

135 1161 204 1217 cepe
227 1143 327 1219 piper,
349 1143 398 1202 vel
421 1144 538 1202 thoraci
561 1143 711 1201 contraria
733 1143 825 1202 tussis

135 1231 290 1309 sanguinis
314 1232 415 1290 irritat
437 1232 563 1305 fluxum,
585 1231 715 1291 corrosio
737 1250 831 1290 venae

135 1319 299 1380 diabrosim
320 1321 446 1396 faciens,
470 1339 561 1396 quam
583 1322 720 1397 procreat
742 1322 850 1379 humor
873 1323 991 1394 acutus,

135 1411 165 1468 et
188 1408 273 1468 dolor
294 1409 430 1469 insinuat
452 1409 504 1468 ubi
527 1409 581 1468 fiat
603 1409 704 1470 laesio.
740 1409 864 1487 sanguis

76 1518 117 1557 rio
134 1499 260 1575 inpurus
283 1498 397 1558 saniem
419 1500 523 1575 portat
545 1498 675 1575 tabeque
696 1499 827 1575 repletus

135 1592 166 1646 et
187 1587 237 1646 lue
260 1587 378 1646 fedatus
401 1607 546 1647 venarum
569 1588 724 1664 praedicat
745 1588 839 1648 ulcus.

134 1676 290 1754 sanguinis
313 1678 362 1736 hic
384 1676 466 1737 rivus
490 1678 615 1737 diversis
638 1678 770 1753 corporis
794 1680 876 1736 ortus

134 1764 270 1843 partibus
294 1766 417 1825 orditur.
453 1767 489 1825 fit
510 1768 606 1826 fluxus
628 1767 719 1826 huius
743 1765 827 1844 origo

135 1857 239 1930 pectus
262 1856 364 1931 pulmo
388 1859 479 1931 caput
502 1859 609 1933 guttim
631 1856 733 1915 fauces
757 1854 926 1933 diafragma

76 1961 116 2002 aas
135 1943 220 2019 splen
243 1945 414 2004 stomachus
437 1965 510 2020 epar
533 1947 563 2004 et
586 1945 710 2023 gingiva
732 1945 808 2003 meri
830 1943 908 2002 kilis.
946 1942 1008 2000 edit

134 2033 260 2092 vulnera
283 2033 435 2110 pulmonis
458 2052 616 2109 spumosus
639 2035 775 2111 sanguia,
799 2033 908 2092 anhela

135 2121 259 2181 eductus
282 2121 372 2196 tussi,
395 2122 498 2181 laevae
522 2121 670 2182 submissa
692 2122 844 2180 mamillae

135 2229 226 2271 causa
248 2210 321 2269 mali
344 2229 433 2270 sensu
456 2211 646 2285 discernitur,
670 2210 845 2270 orbicularis

135 2302 166 2358 et
188 2300 271 2358 velut
292 2300 460 2376 insculptus
483 2303 572 2376 sputo
596 2300 631 2357 de
655 2300 800 2378 sanguine
823 2317 947 2358 nascens

75 2405 117 2446 reo
136 2389 242 2448 anulus
267 2392 405 2466 apparet,
429 2390 568 2466 propriae
592 2408 680 2465 quem
702 2389 784 2449 laesa
807 2388 907 2466 sigillo

133 2478 278 2537 informat
300 2478 412 2538 formae
436 2479 588 2556 similique
611 2477 790 2536 numismate
813 2480 934 2554 sputum

133 2566 273 2625 inscribit
294 2568 424 2626 trachea
462 2567 608 2626 stomachi
631 2567 748 2625 iactura
771 2569 894 2626 notatur

135 2656 300 2734 sanguineo
323 2657 441 2716 vomitu
464 2657 511 2715 vel
534 2657 622 2732 sputo
646 2655 781 2731 simplice
804 2656 894 2714 tussis

208 2876 258 2924 727
278 2871 370 2924 tabidi
390 2872 418 2925 b:
437 2870 498 2923 tabi
517 2889 544 2925 m
561 2872 564 2941 1
580 2871 666 2924 ubere
681 2869 755 2938 (ube)
769 2888 808 2924 m:
829 2870 908 2924 obice
928 2871 943 2923 b
961 2869 970 2940 11
990 2874 1040 2922 719
1060 2870 1151 2923 sarcia

134 2987 216 3039 ructa
238 3004 265 3040 m
279 2986 297 3109 ί11
321 2991 372 3040 736
396 2985 517 3052 alliab,
541 2985 615 3038 allea
635 3003 662 3038 m
682 2985 697 3110 pl
721 2990 786 3039 766
797 2986 900 3054 cepe(
900 2986 948 3052 sic)
939 2986 1016 3052 )mb
1037 2985 1085 3065 1
1061 2984 1152 3038 toraci

135 3058 164 3111 b:
193 3057 278 3110 chora
316 3075 342 3111 m
374 3057 383 3129 11
411 3061 463 3110 738
492 3055 653 3124 dyabrosim
726 3059 768 3124 (ut
793 3058 871 3123 iufra
897 3073 921 3109 o
942 3059 1021 3125 1467)
1054 3045 1085 3128 11
1101 3061 1151 3109 740

134 3128 252 3196 inpurus
278 3146 317 3181 m
343 3129 474 3197 inpurum
500 3129 515 3181 6
541 3129 582 3195 16
570 3127 649 3181 tab:e
675 3127 742 3181 tabo
767 3129 811 3182 mb
838 3126 849 3198 11
876 3131 926 3179 741
953 3126 1067 3180 fedatur
1089 3145 1117 3181 m
1143 3127 1145 3196 1

136 3204 188 3252 742
226 3199 343 3252 diversis
380 3199 508 3268 predicat
545 3200 603 3268 (boc
638 3215 672 3252 erc
707 3215 731 3251 o.
759 3198 894 3266 praeced.)
933 3197 1025 3251 ortum
1061 3198 1152 3251 Parti-

134 3270 188 3324 bus
217 3271 325 3324 orditur
352 3289 390 3336 m,
419 3270 522 3324 diversi
550 3269 674 3338 corporis
701 3270 780 3322 ortus
806 3267 937 3322 Partibus
966 3269 1076 3322 orditur
1103 3271 1118 3323 b
1143 3269 1152 3340 11

135 3346 188 3395 744
211 3341 379 3411 dyafragma
401 3342 445 3396 mb
467 3341 550 3412 1746
575 3340 645 3394 meri
667 3339 734 3392 kilis
757 3358 797 3408 m,
821 3356 900 3408 mery
922 3339 998 3392 kilus
1022 3341 1038 3394 b
1062 3340 1072 3412 11
1100 3345 1150 3394 747

134 3448 280 3502 eductae:
305 3449 355 3501 Est
374 3447 476 3503 ductus
493 3465 521 3501 m
537 3449 541 3516 1
557 3445 699 3501 mailleb:
721 3446 818 3516 mgille
837 3463 864 3499 m
881 3444 891 3516 11
911 3450 962 3498 748
982 3437 1149 3501 discnitzo:

134 3531 225 3608 dirim
244 3554 415 3622 (discrimen)
434 3554 488 3625 611
508 3559 559 3608 760
579 3552 698 3607 annulus
718 3554 733 3606 6
749 3555 791 3623 lq
808 3554 836 3607 b:
856 3556 913 3618 qua
929 3569 956 3605 m
