2444 3848
157 190 247 245 XVIII

228 340 436 401 Commentum
463 343 564 398 entem
592 341 736 416 epistolae
762 342 795 397 in
821 340 878 398 hoc
899 338 1002 399 codice
1024 338 1175 401 adiectum

157 431 199 490 sic
228 431 337 507 incipit
364 425 508 487 ‘Materia
537 430 625 489 huius
652 430 722 487 libri
750 431 822 488 suut
847 428 1002 489 utensilia.
1041 429 1175 489 Intentio

157 522 259 579 autem
273 522 319 577 est
332 519 506 577 utensilium
520 536 668 578 summam
682 517 830 595 colligere.
853 517 979 577 Utilitas
993 518 1044 577 eat
1053 519 1175 577 nomina

157 607 332 667 utensilium
360 626 544 684 cognoscere.
582 608 701 666 Titulus
731 605 801 665 talis
831 608 878 665 est
903 606 1017 683 Incipit
1047 606 1176 684 epistola

157 697 295 774 magistri
313 696 368 755 ade
388 695 424 755 de
440 715 534 772 parvo
553 691 656 771 ponte'
670 698 725 755 etc.
739 699 775 755 ut
792 713 892 771 supra.
916 714 995 772 quae
1012 696 1048 754 in
1065 715 1176 756 memo·

157 788 235 845 riam
264 789 408 844 revocant
429 785 593 843 Alexandri
623 804 691 844 cum
720 785 886 844 commento
916 783 1012 843 simili
1041 784 1177 845 libellum

158 874 270 935 eisdem
285 872 436 933 codIcibus
452 876 696 951 comprehensum
710 867 761 955 (cf.
771 873 834 931 Erf.
844 872 986 949 Amplon.
999 876 1061 933 oct
1072 876 1126 951 12,
1136 866 1177 957 2).

159 966 221 1023 iam
236 981 358 1038 excerpo
374 982 408 1022 ex
417 963 502 1021 Adae
516 963 645 1041 epistola
659 983 735 1038 quae
749 963 900 1022 bominem
907 964 1178 1025 monstrantbaocs

204 1053 225 1110 f.
247 1052 360 1110 20012
392 1045 528 1131 (Scheler
554 1073 583 1129 p.
604 1045 660 1132 70)
690 1047 873 1111 ‘Introeunti
900 1050 1102 1112 occurrebant
1128 1052 1179 1130 qui

250 1159 297 1199 me
316 1160 442 1216 puerum
458 1140 597 1200 viderant
615 1160 693 1199 anno
712 1134 789 1199 XII⁰
804 1143 1002 1200 revertentem
1017 1140 1178 1202 visitantes

249 1232 346 1306 primo
376 1230 484 1289 fratres
515 1229 650 1305 germani
679 1232 710 1288 et
739 1229 830 1288 notbi.
878 1248 949 1288 nam
979 1231 1120 1290 uterinos
1150 1232 1180 1291 et

249 1318 367 1395 spurios
391 1322 422 1377 et
446 1318 582 1377 favonios
614 1319 720 1377 matris
749 1319 942 1395 monogamia
972 1318 1179 1393 prohibuerat

249 1407 355 1466 deiude
378 1411 409 1467 et
431 1406 609 1467 consobrini.
641 1408 792 1485 patrueles
820 1407 863 1465 ibi
890 1406 1076 1482 reliqueram
1102 1408 1179 1468 undo

248 1514 395 1555 veneram.
433 1496 591 1556 fratrueles
611 1490 693 1578 (eum
716 1495 756 1573 gl.
771 1490 845 1554 ‘filii
866 1491 1061 1577 matertere')
1079 1500 1180 1559 11111111

249 1588 408 1644 matertere
436 1586 561 1644 castitas
589 1605 649 1644 non
672 1585 847 1644 contulerat.
879 1587 1032 1660 postremo
1056 1590 1180 1665 nepotes

250 1676 281 1733 et
304 1673 426 1732 sobrini.
457 1674 565 1731 borum
588 1677 688 1733 autem
712 1675 765 1749 qui
787 1673 861 1731 mihi
879 1673 944 1732 noti
961 1674 1090 1736 1111111111
1106 1676 1181 1735 alios

252 1761 413 1821 secundum
441 1764 602 1821 stematum
630 1763 848 1822 distinctionem
872 1761 1060 1824 indicabant.
1093 1766 1181 1825 eollo

252 1850 370 1925 quando
405 1850 653 1926 pertransivimus
686 1845 885 1911 vestibulum'
909 1896 916 1909 .
936 1896 970 1910 ..
1013 1852 1036 1911 f.
1062 1855 1178 1914 20111

252 1931 450 2019 (81111180)
470 1934 645 2015 ‘peniciores
665 1939 771 1999 deinde
789 1940 892 1999 domos
916 1940 991 1999 adeo
1011 1944 1043 2000 et
1066 1960 1134 2003 ecce
1150 1944 1181 2001 in

254 2028 370 2087 ablacte
397 2029 503 2086 matris
533 2029 625 2087 incidi
652 2047 745 2087 nexus
773 2029 821 2088 vel
851 2030 1016 2104 amplexus.
1054 2032 1183 2091 occurrit

254 2121 356 2176 autem
379 2134 445 2175 cum
469 2118 552 2194 glore
575 2136 642 2176 mea
666 2121 697 2176 et
719 2112 845 2189 <‘eum'
867 2117 920 2191 B>
945 2118 1045 2179 adhuc
1068 2120 1182 2181 inreste

253 2199 355 2285 (-‘tis'
370 2200 409 2285 G)
433 2208 595 2264 matertera
618 2207 727 2266 sororis
750 2225 814 2265 mee
837 2207 923 2283 galus
948 2210 979 2265 et
996 2207 1068 2285 ipsa
1086 2210 1182 2271 adhuc

252 2294 385 2354 investis.
426 2312 518 2368 quam
550 2298 644 2352 cetere
677 2294 757 2371 quod
786 2314 837 2353 me
873 2296 911 2353 ut
945 2297 981 2354 in
1016 2296 1182 2374 puericia

254 2384 494 2441 consueverat
533 2382 632 2441 adam
672 2383 933 2442 balsamensem
971 2378 1023 2465 (³i.
1048 2380 1181 2449 dulcem’

254 2471 294 2547 gl.
312 2464 352 2549 B)
387 2471 594 2546 appellaret
625 2491 686 2530 nec
718 2472 925 2549 magisterii
961 2492 1094 2535 nomen
1124 2474 1181 2536 ad·

253 2560 366 2618 iceret
398 2559 607 2636 corripiebant.
653 2579 719 2618 eum
750 2561 856 2636 quibus
888 2563 1079 2625 sermonibus
1111 2580 1181 2643 quos

253 2666 299 2707 rer
323 2647 497 2723 postulabat
520 2648 637 2707 collatIs
661 2649 699 2707 ad
722 2668 825 2707 cenam
848 2646 1010 2710 vocamur'

211 2736 232 2794 f.
248 2735 337 2794 norb
358 2730 400 2816 (p.
417 2731 486 2818 81):
507 2732 663 2795 ‘Gibomm
682 2756 801 2813 quoque
820 2757 895 2813 quos
914 2741 1039 2816 patria
1057 2742 1183 2803 barbo·

255 2827 330 2883 rica
354 2824 452 2883 utitur
474 2826 534 2883 tria
558 2828 628 2883 sunt
658 2845 765 2902 genera
793 2821 991 2903 <‘apposita’
1015 2829 1071 2905 B>
1099 2834 1183 2893 taxea

256 2905 341 2990 (Isid.
357 2914 419 2985 XX,
437 2916 464 2987 2,
481 2905 537 2992 24)
562 2913 650 2971 cruda
674 2909 820 2995 (‘sc1·uta'
834 2907 875 2995 B)
895 2935 930 2974 ex
948 2916 1122 2982 succidnis'
1136 2968 1143 2981 .
1156 2964 1182 2979 ..

212 3002 232 3058 f.
248 3000 337 3058 20211
361 2994 403 3075 (p.
425 2996 494 3081 83):
524 2996 662 3075 ‘phalam
694 3002 879 3062 ascendimus
911 3007 943 3063 in
977 3027 1040 3083 qua
1068 3010 1183 3071 diversa

258 3107 366 3165 genera
402 3108 553 3148 armorum
588 3091 736 3163 speculari
769 3091 886 3150 licebat.
925 3094 1053 3157 stabant
1086 3102 1184 3159 autom

258 3178 336 3234 inter
354 3176 476 3236 hastilia
494 3176 620 3235 falarica
638 3198 727 3238 como
746 3181 824 3238 facte
843 3180 921 3239 caica
937 3202 1014 3258 quas
1029 3190 1063 3246 et
1075 3186 1184 3249 cateias

258 3266 289 3322 et
324 3266 461 3323 teutones
499 3263 644 3323 barbari
682 3264 714 3347 (1.
734 3287 758 3325 c.
777 3267 906 3345 Hispani
938 3274 969 3331 et
1001 3272 1087 3335 Galli
1117 3274 1184 3337 leid

259 3352 371 3425 XVIII,
387 3356 415 3427 7,
432 3346 466 3433 ’1)
489 3349 660 3410 nominant'
676 3401 681 3413 .
697 3400 703 3412 .
720 3402 725 3412 .

242 3436 362 3497 Scbsler
379 3460 408 3517 p.
420 3442 476 3499 88:
494 3436 591 3509 ‘Quid
609 3460 690 3520 ergo,
705 3443 807 3518 inquit
823 3446 1019 3509 consobrinus
1037 3472 1121 3515 unus
1138 3450 1186 3533 qui

156 3522 278 3599 ederat,
314 3546 385 3589 cum
417 3530 461 3591 sis
488 3530 645 3591 natione
666 3530 869 3623 Angplicus
893 3526 982 3609 tcum
1009 3534 1196 3609 &asom
