2466 3848
575 221 743 278 VIATICUS

155 371 255 448 exigit.
291 390 326 430 ex
348 373 454 448 quovis
477 373 551 432 haec
573 372 757 450 respiracula
780 392 851 434 casu
963 369 965 374 ’

84 481 137 523 ress
155 460 308 535 deficiunt,
331 461 457 521 necdum
480 462 675 539 praescriptio
698 463 840 539 temporis
863 464 958 524 instat

155 549 308 626 praedicti.
346 550 465 629 signum
488 551 621 612 defectus
643 552 756 630 grande
780 552 890 613 doloris

155 639 335 716 supplicium
359 635 466 716 caput'
471 639 630 716 infestans,
653 641 788 715 fastidia,
811 660 917 700 renum

155 731 186 786 et
208 728 289 788 dorsi
311 729 458 806 gravitas,
481 730 636 790 oculorum
660 731 737 790 hvor
759 729 938 791 obumbrans

154 816 280 893 radices,
303 817 419 894 pondus
442 819 568 894 ventris,
591 820 760 879 stomachus
784 821 886 880 vitiosi

83 927 137 968 1666
155 907 271 966 nescius
294 907 427 982 effectus,
450 907 526 968 facie
551 909 730 985 quandoque
753 909 902 970 resultans

155 996 278 1073 pustula
301 996 484 1071 deformans,
506 997 539 1055 in
562 1000 648 1057 motu
669 996 803 1057 membra
826 1000 1010 1076 pigrescunt,

154 1085 270 1145 loturae
294 1086 390 1145 carnis
414 1085 518 1146 effusio
542 1087 590 1145 vel
612 1086 687 1162 picis
709 1087 807 1146 instar

154 1175 242 1252 nigra
263 1173 340 1235 fluit.
385 1174 472 1234 Facit
493 1176 573 1234 hunc
596 1175 744 1234 defectum
767 1193 893 1252 corpora
916 1195 1007 1236 causa

154 1266 318 1322 extenuans
341 1263 490 1338 morbum,
512 1263 588 1338 irae,
611 1263 737 1338 ieiunia,
761 1283 833 1323 cura

83 1370 136 1411 1666
153 1352 311 1426 tristitiae,
335 1353 439 1426 timor,
462 1352 615 1427 excubiae,
639 1353 802 1428 complexio
825 1352 916 1427 sicca,

155 1439 309 1518 sanguinis
333 1459 474 1500 emanans
496 1443 579 1501 rivus
602 1460 669 1500 cum
691 1441 813 1501 naribus
837 1441 898 1500 exit

154 1531 202 1588 vel
225 1530 321 1588 fluxus
344 1528 465 1588 aliunde
487 1530 564 1590 fluit.
600 1533 672 1589 tuno
695 1531 781 1609 sigua
803 1530 953 1590 notabunt

154 1618 213 1678 ista
236 1617 337 1693 fidem,
360 1618 483 1694 macies,
508 1619 653 1694 defectuS,
676 1620 776 1696 pallor
798 1619 930 1693 adulter,

154 1710 258 1767 urinae
280 1709 380 1768 tennis
402 1708 579 1768 substantia.
624 1708 786 1785 Praepedit
808 1709 868 1768 ista

83 1815 136 1856 1646
154 1798 262 1855 humor
283 1797 429 1872 viscosus,
452 1797 572 1876 pinguis
595 1797 730 1873 habitus,
754 1817 879 1858 carnosa
901 1797 1010 1875 figura,

155 1887 266 1945 multus
289 1887 320 1944 in
343 1887 442 1962 urina,
466 1906 658 1964 praecurrens
681 1906 785 1965 grossa
808 1888 916 1946 diaeta.

154 1978 286 2052 tempore
310 1993 370 2050 quo
393 1975 477 2034 reddi
501 1979 626 2035 naturae
650 1976 750 2035 debita
772 1976 852 2054 leges

154 2065 318 2140 exposcunt
341 2083 394 2122 nec
416 2064 460 2121 nil
483 2067 612 2142 augetur
634 2083 738 2142 grossa
761 2064 898 2125 deorsum

155 2153 332 2230 muscillago
355 2152 463 2227 fluens,
487 2152 541 2212 sub
564 2155 683 2229 pectore
705 2152 821 2229 pondus
844 2155 970 2212 honesta

83 2258 136 2300 1646
154 2241 287 2300 membra
309 2260 453 2318 gravans,
476 2261 560 2301 renes
583 2243 728 2302 infestans
751 2243 864 2318 passio,
887 2240 976 2301 mat‘

227 2454 296 2501 1624
316 2463 395 2501 casu:
421 2448 457 2514 ef.
476 2449 516 2502 Io.
536 2447 743 2502 Menstruorum
766 2449 890 2502 retencio
916 2466 965 2503 seu
988 2447 1096 2502 ablatio
1121 2450 1171 2503 aut

155 2520 199 2571 eet
225 2518 362 2572 naturalis
391 2522 441 2572 aut
473 2518 665 2573 accidentalis.
699 2519 836 2574 naturalis
865 2537 928 2573 oum
956 2520 1114 2574 retinentur
1141 2520 1171 2572 in

156 2591 307 2643 senectute.
332 2589 514 2644 accidentalis
533 2591 565 2644 fit
586 2606 619 2644 ex
636 2590 759 2644 tristicia
777 2591 918 2646 continua.
943 2592 1052 2661 gemitu
1069 2592 1170 2650 timore

155 2661 199 2713 ira
221 2660 335 2714 ieiunio.
359 2660 464 2729 vigiliis
488 2661 591 2715 nimiis.
616 2661 659 2714 Ex
681 2661 758 2715 fluxu
781 2663 926 2732 sanguinis
948 2679 999 2732 per
1022 2677 1103 2716 nares
1126 2662 1171 2717 val

155 2748 206 2798 per
231 2732 418 2800 emorroydas.
446 2735 475 2787 et
500 2749 533 2786 ex
558 2731 691 2787 febribus.
719 2733 853 2787 deficiunt
879 2734 946 2788 item
970 2735 1113 2787 menstma
1136 2750 1171 2788 ex

157 2805 331 2871 apostemate
357 2804 492 2858 matricis.
518 2806 569 2856 aut
594 2819 627 2857 ex
652 2803 816 2858 humoribus
841 2805 945 2874 grossis
971 2808 1000 2859 et
1022 2804 1136 2858 viscosis
1161 2805 1171 2876 11

157 2879 226 2928 1666
259 2876 361 2945 (perpet
387 2877 443 2942 Io.)
477 2874 565 2944 Signa
599 2874 724 2929 deiectus
756 2879 962 2930 menstruorum
994 2877 1059 2930 sunt
1091 2876 1171 2930 dolor

156 2945 266 3012 capitis.
297 2945 362 3000 colli
389 2946 465 3000 dorsi
493 2949 522 3000 et
552 2945 704 3000 oculorum.
737 2947 861 3015 gravitas
889 2946 1029 3001 inferioris
1056 2947 1169 3001 ventris.

157 3014 310 3069 fastidium.
338 3017 428 3071 malus
452 3018 604 3086 appetitus.
629 3019 658 3071 et
681 3018 769 3086 (lut)
795 3017 947 3071 carbonum
970 3018 1020 3072 tofi
1043 3020 1071 3072 et
1094 3017 1170 3071 simi-

157 3085 234 3139 lium.
261 3088 345 3141 urina
372 3090 454 3158 nigra
479 3088 523 3142 vel
551 3088 708 3157 eruginosa.
737 3091 786 3143 aut
814 3090 896 3157 quasi
922 3089 1051 3144 lavatura
1078 3089 1170 3142 carnis

157 3159 289 3225 (sequitur
314 3163 399 3227 cara).
440 3162 481 3214 16.
506 3161 551 3214 aa
574 3161 664 3214 44616646
689 3159 869 3216 Constantino
895 3162 971 3227 (viat.
996 3166 1023 3227 6,
1041 3164 1084 3227 9),
1110 3176 1171 3214 cam

157 3229 264 3283 leonae
277 3231 560 3298 666661Ρ1666661666
570 3231 699 3300 Epidius.
720 3231 754 3296 cf.
763 3233 972 3287 Arctimatteus
984 3231 1013 3286 0.
1024 3231 1051 3286 S.
1060 3232 1091 3296 V,
1100 3231 1171 3302 35811

159 3339 226 3389 1661
242 3318 354 3390 defor‘hs
373 3336 388 3391 b
407 3335 417 3407 11
441 3342 508 3391 1666
530 3339 587 3393 iace
607 3337 730 3404 sequitur
748 3338 884 3392 Platearie'
902 3339 1003 3407 trablas
1021 3336 1172 3408 6666611611

158 3446 227 3495 1666
246 3429 490 3526 pped‘qerpedit)
509 3444 560 3570 op
585 3448 653 3497 1646
672 3430 710 3497 ele
729 3446 850 3514 (neura)
870 3445 886 3498 6
908 3443 920 3514 ll
941 3449 1010 3497 1646
1029 3419 1048 3496 i
1066 3442 1183 3519 11166

159 3519 227 3568 1644
246 3512 396 3584 musrllago
416 3513 432 3567 b
446 3516 537 3584 (nuscr
559 3531 614 3588 ago
632 3519 848 3581 6116611666,
861 3521 1013 3578 utsempet
1025 3513 1200 3562 haereamus

150 3591 180 3639 ct
194 3584 380 3658 Salaminem)
398 3588 403 3658 Ι
420 3584 548 3646 honusta
565 3590 583 3648 b

1044 3671 1082 3722 B!
