2466 3848
565 185 733 241 VIATIGUS

144 337 249 396 imbris
273 337 369 412 abest,
393 337 507 397 colerae
530 337 617 396 furiis
641 341 672 397 et
694 338 832 416 flegmate
855 337 935 396 salso

145 425 289 506 sanguine
313 426 466 486 subtracto
489 426 629 486 membris
653 445 720 485 cum
743 425 884 502 squalida
905 444 1022 486 macros

146 516 276 576 destruit
298 515 423 575 ariditas
447 518 544 590 artus,
568 515 734 592 empimate
750 516 841 594 longo

86 626 126 667 res
144 605 176 665 vi
198 606 310 665 cronici
332 604 438 664 morbi.
473 604 556 664 cadit
576 605 656 664 hunc
678 605 789 664 effrena
811 605 948 665 iuventus

145 693 274 754 crebrius
297 695 330 752 in
353 696 480 771 pestem,
503 696 603 770 spreto
626 693 828 753 moderamine
851 696 951 754 motus

145 782 239 844 ardua
262 783 333 842 dum
356 783 480 861 quaevis
503 785 634 860 temptat
655 784 815 843 temeraria
836 783 942 842 virtus.

145 872 317 932 describunt
339 872 435 932 morbi
458 872 642 936 sinthomata
664 873 755 931 noxia
777 872 882 946 tussis,

144 963 228 1022 lenta
250 961 354 1037 febris,
377 963 518 1038 squalens
541 961 664 1036 macies,
687 960 778 1021 rubor
801 960 874 1036 oris,
899 980 1021 1021 acumen

86 1071 127 1111 reo
145 1053 293 1110 extremae
316 1051 411 1126 naris,
435 1050 600 1110 horrendus
624 1051 788 1126 anhelitus,
810 1069 926 1128 ungues

145 1142 305 1215 contracti,
328 1140 467 1216 spatulae
490 1140 576 1200 dolor
599 1142 629 1199 et
651 1157 791 1217 pressura
814 1139 967 1212 sinistrae,

145 1231 302 1306 sputamen
324 1248 404 1288 nuno
427 1229 624 1306 sanguineum
647 1247 727 1288 nuno
749 1228 837 1307 signa
858 1229 967 1290 viroris

144 1321 271 1394 portans
292 1337 371 1378 nunc
394 1337 530 1378 croceum
552 1337 631 1377 nuno
654 1317 764 1392 livens,
786 1318 852 1377 lnce
875 1317 994 1394 sepulta

144 1407 277 1466 inclusus
300 1407 425 1466 latitans
449 1407 564 1467 oculus.
600 1408 726 1467 mortale
749 1408 884 1466 minatur

87 1496 269 1556 leocritiam
292 1497 387 1555 fluxus
411 1497 537 1571 ventris,
560 1515 645 1556 coma
667 1497 772 1556 fomite
795 1497 872 1555 fumi
947 1502 949 1506 ⁴

146 1584 299 1644 deficiente
322 1584 425 1645 fluens.
463 1587 583 1662 sputrnn
608 1585 735 1645 carbone
758 1585 891 1646 solutum
953 1638 955 1645 ,

145 1693 284 1734 succenso
308 1674 419 1733 fetente
442 1694 565 1753 gravem
587 1675 661 1735 facit
684 1693 754 1735 aera
777 1675 879 1734 fumos

146 1783 164 1822 a
187 1766 275 1840 sputo
300 1765 398 1823 sanies
421 1763 614 1839 discernitur,
636 1764 714 1823 illud
735 1763 768 1822 in
792 1782 878 1822 amne

146 1856 261 1928 enatat,
284 1854 340 1913 hoe
362 1853 488 1912 fundum
511 1855 589 1930 petit
611 1856 643 1912 67
665 1851 847 1931 pinguedine
871 1851 1002 1928 quadam

87 1959 127 1999 eoo
145 1942 307 2021 inpinguet
328 1942 449 2002 laticem
472 1952 563 2018 quam
585 1942 676 2002 febris
700 1961 807 2002 cauma
829 1940 963 2000 resolvit.

217 2031 320 2090 Efficit
342 2033 499 2108 empicos
523 2031 658 2091 saniosus
681 2033 783 2108 pulmo
807 2031 957 2090 resolvens

145 2140 201 2197 pus
224 2121 352 2179 mixtum
375 2122 478 2197 sputo,
501 2119 662 2196 proditque
685 2120 814 2195 empima
837 2122 967 2192 calamo,

218 2277 268 2325 782
288 2272 368 2325 abest
388 2274 415 2326 b:
436 2272 489 2325 ade
509 2291 536 2326 m
555 2272 599 2341 (cf.
619 2289 643 2325 6.
658 2275 722 2339 899)
746 2271 756 2343 Η
780 2276 831 2325 788
851 2270 982 2339 squalida
1006 2288 1044 2324 m:
1069 2269 1164 2324 calida

145 2343 188 2414 bll
208 2347 259 2396 785
277 2344 305 2396 vi
325 2345 351 2397 t:
370 2342 386 2395 l
406 2343 469 2410 (vel)
488 2361 515 2398 m
537 2343 546 2415 ll
566 2348 617 2397 792
636 2343 736 2396 nitoris
755 2344 771 2397 t
792 2343 796 2412 Ι
816 2343 848 2397 de
866 2348 946 2411 sputo
964 2342 999 2409 ef.
1015 2343 1113 2396 Barth.
1133 2344 1164 2396 ic

142 2415 264 2482 pleuresi
278 2415 320 2480 (0.
336 2415 363 2468 S.
379 2417 422 2482 ΙΙ,
436 2418 490 2470 225
503 2441 530 2459 =
544 2416 598 2479 IV,
612 2418 679 2479 384)
698 2414 707 2486 ll
727 2419 778 2467 794
797 2416 837 2468 sie
850 2415 891 2468 Io.
907 2414 939 2471 de
953 2413 981 2468 S.
990 2415 1081 2468 Paulo
1095 2416 1164 2480 (con

146 2486 248 2553 Plat.).·
267 2484 344 2538 Solet
363 2487 457 2539 autem
476 2487 506 2538 in
524 2485 634 2554 ptisieis
653 2485 743 2539 fluxus
762 2485 867 2538 ventris
887 2486 931 2553 (cf.
947 2485 1038 2539 Ocnos.
1053 2486 1116 2552 ι77)
1136 2487 1164 2538 67

146 2555 313 2624 capillorum
328 2572 387 2610 6666
402 2557 513 2626 signum
531 2557 629 2611 mortis
646 2559 675 2611 67
693 2559 725 2609 ut
740 2557 810 2610 dicit
824 2557 981 2623 ypocrates.
1010 2555 1033 2608 si
1049 2556 1163 2623 quidem

147 2628 284 2699 (quodi)
304 2629 437 2696 expuunt.
471 2644 555 2696 grave
574 2628 644 2682 fetet
663 2643 748 2696 supra
768 2626 902 2681 carbones
924 2625 1043 2680 effusum
1064 2629 1093 2680 67
1111 2627 1165 2695 pili

146 2714 164 2750 a
188 2698 282 2767 capite
306 2698 432 2751 defluunt
455 2699 573 2752 mortale
598 2701 641 2752 667
665 2700 709 2767 (cf.
729 2699 827 2753 Barth.
853 2699 967 2765 sputum
993 2697 1114 2750 fetidum
1140 2698 1164 2751 si

147 2786 230 2837 super
249 2770 383 2824 carbones
401 2769 560 2822 infunditur
632 2770 662 2822 in
685 2770 739 2823 fine
764 2770 851 2822 etiam
874 2768 965 2822 morbi
989 2768 1095 2821 cadunt
1118 2785 1164 2822 oe-

146 2840 228 2910 pilli).
271 2840 432 2894 differentia
459 2843 566 2906 eutem,
592 2842 686 2893 utrum
713 2841 749 2894 sit
775 2841 867 2894 sanies
892 2839 936 2893 vel
962 2839 1065 2910 flegma
1089 2841 1164 2909 quod

147 2928 197 2978 per
216 2929 246 2965 os
269 2913 383 2979 eicitur,
407 2913 460 2964 hec
483 2914 533 2966 est.
571 2912 595 2965 si
618 2912 747 2979 ponendo
771 2913 801 2965 in
819 2927 868 2966 vas
886 2911 1001 2979 plenum
1021 2927 1096 2980 aqua
1114 2929 1165 2980 per

146 2984 230 3035 unius
255 2983 322 3036 hore
348 2983 472 3052 spatium
498 2984 528 3036 in
553 2983 671 3036 fundum
697 2983 885 3048 descenderit,
912 2983 1004 3037 sanies
1028 2983 1095 3048 erit,
1121 2983 1164 3035 sin

148 3055 256 3119 autem,
279 3053 382 3123 flegma
406 3054 451 3123 (of.
467 3056 565 3110 Barth.
586 3055 609 3107 si
634 3056 748 3123 sputum
770 3055 801 3107 in
823 3053 899 3123 pelvi
917 3053 961 3108 vel
980 3054 1010 3106 in
1028 3053 1163 3108 6666611-

148 3141 203 3192 quo
222 3125 252 3176 in
270 3126 352 3179 nocte
371 3126 525 3194 recipiatur
544 3127 572 3179 et
591 3142 672 3180 mane
694 3141 769 3193 aque
793 3125 886 3179 calida
910 3124 1163 3194 supereffundatur‚

149 3197 267 3265 apparet
290 3196 320 3248 in
344 3198 490 3264 superficie
510 3213 581 3265 aque
603 3197 685 3265 quasi
708 3197 829 3265 quedam
849 3197 1003 3263 crassities,
1028 3197 1058 3248 in
1076 3196 1163 3249 fundo

147 3267 302 3390 {utimini
318 3270 490 3336 remanente)
514 3268 524 3339 [l
547 3274 597 3320 796
621 3267 709 3322 fluens
733 3270 761 3322 b:
785 3268 877 3321 nitens
901 3286 928 3322 m
950 3268 960 3339 ll
984 3272 1034 3320 797
1058 3266 1164 3322 fetente

171 3359 176 3389 :
209 3355 319 3391 omene
338 3357 365 3392 m

220 3415 270 3463 801
291 3411 366 3464 rubr.
387 3409 429 3463 De
452 3410 614 3478 empimatis
638 3410 729 3464 causis
754 3412 782 3464 67
805 3408 892 3479 signis
917 3411 945 3462 67
969 3409 1116 3476 speciebus
1139 3410 1164 3474 b,

149 3481 184 3533 dc
208 3481 380 3549 empimathe
403 3499 430 3535 m
450 3483 454 3548 Ι
475 3482 598 3550 empicos
617 3482 632 3534 b
652 3483 701 3552 (sio
723 3482 824 3536 medici
841 3497 935 3536 omues
953 3481 1045 3541 Plau,
1061 3481 1187 3535 isaram,

145 3554 184 3604 Io.
201 3554 273 3618 etc.):
292 3553 412 3622 empites
432 3571 459 3608 m
477 3552 487 3628 Η
506 3558 560 3610 809
579 3553 678 3626 prodit
698 3552 830 3624 empima
849 3555 916 3620 lom.
930 3547 1038 3614 99899

185 3657 299 3699 Ecrnrus
314 3662 349 3702 ed.
359 3663 443 3705 Roee.
1042 3650 1066 3694 ”⁶
