2466 3848
1045 215 1110 270 XIX

92 361 225 448 gente')‚
254 364 355 443 patria
384 366 579 425 balsamensis
610 358 693 446 (eum
723 364 763 443 gl.
788 360 871 425 ‘cum
901 367 942 426 sis
971 360 1109 448 dulcis’)‚

93 452 217 534 ‘genera
236 447 307 536 (sic)
325 452 517 514 Balvasensis
536 446 619 535 (cum
639 454 680 533 gl.
696 448 752 514 ‘de
770 447 991 536 Baanvais’)‚
1011 475 1108 515 man·

92 546 192 605 sione
222 545 292 604 iam
322 544 481 604 diutione
515 562 619 620 quam
648 543 844 603 voluissem
874 543 1109 619 Parisiensis‚

91 652 257 711 numquam
294 633 404 692 alicubi
439 632 538 692 rurale
569 632 639 691 hnic
673 632 769 693 simile
802 633 953 692 edificium
984 632 1109 694 vidmti?

92 742 191 782 nonna
220 721 278 781 tibi
308 723 334 782 si
362 721 428 781 fieri
457 723 559 798 posset
594 718 764 781 honestius
779 724 815 781 ut
851 722 998 783 iudicares
1025 742 1108 782 rnre

92 814 244 889 paterno
273 812 334 870 frui
358 830 450 888 quam
472 810 565 870 solari
586 809 694 871 lucello
722 803 805 892 (curn
832 811 873 889 gl.
896 804 1109 893 ‘causatoris')

94 901 246 960 addictum
278 899 378 960 fuisse.
423 899 506 959 Tunc
538 919 593 978 ego
624 898 778 959 subridens
806 900 1109 978 Interrogationibus,

91 991 225 1067 inquam,
245 989 312 1050 istis
332 1034 382 1048 ...
401 990 465 1047 tam
484 987 583 1048 subito
602 989 780 1066 respondere
797 1007 858 1047 non
878 989 1109 1068 aggredior...

92 1083 123 1139 et
144 1079 207 1138 iam
229 1078 357 1138 circuitu
379 1072 548 1156 pergirato'
563 1125 570 1138 .
585 1123 591 1137 .
608 1126 614 1138 .
634 1080 688 1138 eto.

164 1166 283 1227 Scheler
319 1189 348 1245 p.
373 1168 428 1226 93:
461 1162 576 1226 ‘Habes
613 1167 692 1225 enim
729 1186 786 1244 que
823 1165 904 1226 dicta
941 1169 1024 1243 sunt,
1062 1165 1111 1226 mi

92 1258 272 1332 Anselme‚
392 1256 513 1331 qualem
545 1255 693 1333 probabas
726 1254 892 1315 orationem
927 1257 958 1314 et
992 1274 1110 1314 rerum

91 1345 419 1406 usitatissimarum
450 1347 633 1422 copiosam
662 1346 697 1403 ut
726 1343 917 1404 desiderabas
946 1343 1109 1404 nomina·

92 1435 233 1495 tionem.
274 1433 359 1503 Quod
382 1432 408 1491 si
429 1433 486 1492 hoc
508 1435 631 1492 nostre
655 1432 834 1492 orationis
857 1433 1110 1510 crepusculum

91 1523 222 1582 nubibus
251 1543 326 1599 pane
356 1522 587 1582 clarescentibus
617 1522 748 1581 serenius
772 1540 864 1598 quam
886 1521 1030 1598 querebas
1053 1521 1111 1581 tibi

91 1612 244 1687 videatur,
274 1611 472 1672 orationem
500 1613 616 1689 ipsam
644 1610 741 1670 medie
770 1609 865 1671 noctis
893 1610 1037 1671 furvitate
1060 1611 1111 1670 ob

92 1700 215 1761 ductam
243 1701 301 1761 tibi
329 1702 490 1778 palpaturo
520 1701 639 1760 mittere
661 1701 786 1776 paratus
809 1718 883 1759 sum.
921 1699 973 1760 sed
996 1702 1032 1758 ut
1055 1701 1110 1759 ali·

92 1791 166 1866 qnid
194 1809 254 1849 non
284 1790 468 1868 superfluum
500 1791 592 1849 immo
622 1808 693 1850 vero
724 1789 799 1849 utile
831 1788 927 1850 amico
960 1788 1111 1849 destinata

92 1881 245 1939 contineat
267 1879 409 1958 epistola,
432 1878 484 1938 sed
502 1878 725 1956 philosophiam
746 1879 783 1937 de
806 1878 895 1938 huius
917 1877 999 1938 modi
1022 1878 1110 1937 rebus

93 1969 243 2044 consulas,
271 1970 340 2046 ipsa
368 1969 425 2028 tibi
452 1967 588 2028 ostendet
610 1969 774 2028 certissime
788 1955 882 2027 'tante
903 1987 1004 2026 rernm
1026 1968 1110 2044 copie

91 2056 367 2134 incomparabiliter
402 2056 633 2133 prestantiorem
674 2074 737 2115 esse
778 2056 980 2132 cognitionem
1019 2075 1110 2131 quam

92 2145 309 2223 possessionem
328 2191 335 2204 .
351 2190 379 2204 ..
398 2164 458 2205 non
480 2145 556 2204 talia
578 2144 729 2221 possidere
756 2144 807 2204 sad
830 2144 941 2203 talibus
964 2146 1012 2204 vel
1035 2144 1110 2203 bene

92 2235 139 2293 uti
157 2235 204 2294 vel
222 2233 296 2293 bene
315 2251 414 2294 carere
432 2235 600 2310 preciosum
618 2235 672 2292 est.
707 2232 793 2302 Quod
817 2232 937 2311 quidem
956 2279 1007 2294 ...
1026 2252 1045 2292 a
1063 2252 1110 2292 me

92 2342 161 2400 sepe
184 2323 334 2400 accepisti.
366 2321 480 2383 Valete.
517 2322 658 2399 Explicit.
690 2316 808 2381 Amen?

163 2412 245 2472 Haec
275 2412 301 2472 si
328 2414 475 2472 tractatus
503 2411 677 2471 dialecticus
708 2410 806 2471 editus
836 2411 909 2486 fuit,
939 2413 974 2470 nt
1003 2410 1110 2470 unicus

92 2501 159 2559 vult
186 2500 277 2560 codex
299 2500 489 2576 Parisiensis‚
520 2519 598 2560 anno
622 2499 792 2560 MGXXXH
821 2501 852 2558 et
879 2501 906 2559 si
928 2501 1008 2558 circa
1030 2499 1111 2558 idem

92 2589 153 2648 fere
177 2592 294 2666 tempus
317 2585 380 2670 (vel
402 2591 494 2666 paulo
518 2581 602 2670 ante)
625 2607 776 2649 sumamus
799 2589 977 2666 magistrum
996 2589 1111 2648 fuctum

91 2677 228 2739 revisisse
259 2678 389 2755 patriam
421 2698 499 2738 anno
530 2680 565 2737 ut
591 2677 655 2754 ipse
683 2680 812 2738 testatur
839 2670 925 2753 XH⁰,
954 2677 1110 2753 reliquisse

92 2768 301 2827 concludemus
324 2766 467 2845 Angliam
496 2786 573 2827 anno
598 2760 849 2848 (1118-)1120
868 2760 1029 2842 ‘puerum'
1049 2767 1109 2827 for·

92 2859 171 2917 tasse
189 2859 227 2916 15
244 2876 399 2931 annorum,
418 2857 462 2915 ita
478 2859 513 2916 ut
528 2858 618 2915 natus
639 2855 738 2915 Adam
756 2854 847 2914 fuerit
862 2847 1109 2936 c.s.1105(03).

91 2945 164 3005 haec
195 2945 316 3021 quidem
344 2947 458 3004 incerta
488 2947 571 3019 sunt,
602 2944 676 3004 certi
706 2947 808 3004 autem
836 2945 981 3004 notentur
1012 2947 1110 3019 poste·

91 3035 178 3093 riorls
202 3036 281 3094 vitae
312 3036 391 3095 anni.
434 3034 542 3093 etenim
572 3053 651 3094 anno
676 3035 761 3091 1147
786 3034 898 3092 citatus
927 3032 959 3091 in
982 3032 1108 3092 coneilio

92 3121 256 3182 Parisiensi
278 3126 383 3183 contra
402 3121 786 3182 Gilbe1tumPorretanum
809 3121 1000 3181 dialecticum
1023 3123 1109 3182 testis

90 3211 150 3271 fuit
179 3204 262 3292 (cum
291 3212 418 3290 Hugone
449 3211 484 3271 de
513 3210 625 3288 Gampo
655 3209 776 3270 Florido
806 3211 981 3270 cancellarie
1013 3203 1108 3291 ragis)

90 3301 235 3378 magister
259 3295 371 3360 ‘Adam
399 3300 434 3360 de
456 3300 554 3361 Parvo
578 3301 673 3361 Ponte
695 3299 751 3360 vir
773 3299 925 3360 subtilis
949 3301 984 3357 et
1005 3297 1109 3359 Pari·

91 3388 223 3450 siansis
261 3390 435 3450 eeclesiae
471 3390 665 3459 canonieus
701 3391 866 3448 recenter
899 3382 1035 3447 factus'

91 3470 174 3537 ‘non
198 3478 274 3538 sine
297 3480 493 3538 multorum
515 3478 762 3539 admiratione
782 3477 889 3536 siros
907 3490 1069 3546 mannos
1089 3475 1134 3523 ab

86 3562 122 3624 in
157 3567 302 3630 ratione
338 3568 552 3633 disserendi
588 3568 824 3634 exercitatos
861 3579 925 3638 pro
961 3549 1161 3626 mmm-‘³⁸²‘

963 3665 1009 3715 *3⁸
