2466 3848
128 187 171 252 66
579 187 693 242 EGIDII

127 335 190 394 Has
213 339 338 414 generat
360 339 471 413 species
493 339 653 396 humorum
676 338 763 414 copia
785 358 891 399 nervos

126 425 300 499 incurvans,
323 425 395 484 dum
417 427 604 486 contrahitur
627 429 675 486 cui
698 428 777 486 linea
799 431 881 487 recta

56 531 109 573 roco
126 532 298 573 mensuram
320 515 467 573 trahitis
490 516 598 591 latum,
621 516 670 575 vel
693 516 741 575 oui
763 517 901 576 laterales

126 601 267 662 distrahit
288 604 321 661 in
343 604 466 681 longum
489 608 590 680 partes
613 605 685 664 dum
707 605 820 666 crescit.
857 607 980 668 habebis

125 692 194 749 inde
216 692 318 767 fidem,
341 695 367 751 si
389 694 549 768 plectorico
573 695 613 753 sit
631 713 753 771 corpore
775 695 865 770 plena

126 780 271 858 sanguine
294 800 370 841 vena
392 784 524 857 tumens,
547 782 574 842 si
596 783 750 842 luxuriosa
772 782 873 843 diaeta

125 871 293 946 praecessit.
330 871 355 930 si
378 871 562 947 consumptis
585 872 759 931 humoribus
782 878 881 932 ortum

55 982 107 1022 uos
125 959 173 1017 hic
196 959 302 1034 recipit
324 960 457 1034 morbus,
480 961 603 1035 macies,
625 961 751 1034 ieiunia,
774 961 871 1020 fluxus

125 1049 237 1107 ventris
260 1048 309 1107 vel
331 1050 461 1109 vomitus
484 1051 608 1125 nimius,
630 1051 663 1108 in
685 1051 808 1110 vulnere
831 1051 930 1110 faetus

125 1139 282 1212 corruptus
305 1137 441 1215 sanguis,
464 1139 550 1196 labor
571 1141 692 1217 iugens,
714 1143 848 1216 tempore
870 1140 967 1198 multo

126 1227 281 1284 continuat
303 1227 422 1286 morbus
445 1247 562 1302 penam.
598 1228 668 1287 fidei
689 1229 867 1288 manifestae

124 1314 267 1374 indicium
289 1318 435 1392 praestat,
459 1318 485 1375 si
507 1337 614 1376 nervos
636 1317 741 1378 noxius
765 1318 851 1395 algor

54 1427 107 1465 1e1o
125 1404 283 1463 contrahit.
319 1407 392 1464 haec
414 1405 510 1482 regio,
533 1410 651 1481 tempus
674 1407 723 1465 rel
745 1406 852 1466 balnea
875 1407 1004 1484 signant.

196 1493 293 1553 Anus
316 1495 352 1552 in
376 1513 557 1572 egressum
580 1497 684 1571 peccat
705 1516 794 1572 quem
816 1495 930 1554 nisibus
954 1495 1062 1571 amplis

124 1582 277 1658 protrudit
298 1585 424 1659 patiens.
461 1602 604 1660 superans
627 1584 806 1660 quandoque
829 1586 955 1644 lacertos

123 1671 287 1730 humiditas
311 1673 410 1731 mollit
432 1675 462 1731 et
484 1673 655 1733 lubricitate
678 1674 817 1733 deorsum

123 1759 244 1818 labitur.
280 1760 390 1820 indicio
412 1761 470 1819 tibi
492 1762 700 1839 designabitur
722 1764 818 1839 aegri,

54 1870 105 1910 rsrs
124 1849 150 1908 si
172 1850 265 1907 nimio
289 1849 358 1907 nisu
379 1850 441 1909 fiat.
479 1851 504 1909 si
526 1851 659 1910 membra
681 1852 797 1910 relaxat

123 1937 300 2013 humiditas,
323 1940 369 1998 vis
393 1939 542 1999 sensibilis
564 1940 707 2018 pigrescit
728 1940 852 2013 ibidem,

122 2028 262 2088 humores
286 2046 385 2087 secum
407 2030 517 2087 mixtos
540 2031 653 2107 egestio
675 2033 790 2105 portat,

124 2118 154 2173 et
176 2118 273 2194 magis
295 2119 331 2176 ut
353 2117 422 2175 fidei
445 2118 602 2177 firmentur
623 2119 744 2192 robora,
768 2121 889 2196 signant

124 2206 206 2282 aegri
229 2225 305 2281 quae
328 2207 420 2265 fuerit
442 2208 605 2283 complexio
629 2227 742 2283 quaeve
766 2209 873 2266 diaeta.
903 2242 905 2248 ·

53 2315 105 2354 raro
194 2295 324 2371 Imperio
347 2298 456 2354 natura
479 2315 532 2355 suo
555 2316 694 2357 mensura
716 2297 873 2355 remittit

124 2383 247 2442 debita
271 2403 349 2460 quae
372 2385 504 2444 mulier
526 2386 634 2459 mittit,
658 2405 726 2445 cum
748 2385 836 2444 tarda
859 2388 995 2444 senectus

123 2471 234 2548 pabula
257 2472 398 2532 subducit
419 2474 573 2548 membris,
596 2494 663 2533 oum
685 2475 756 2534 flore
778 2474 917 2534 iuventae

123 2566 298 2637 consumpto
321 2582 412 2640 rugas
436 2564 493 2622 sibi
516 2564 761 2642 quadragesimus
785 2582 879 2623 annus

197 2701 264 2750 1598
283 2698 318 2763 cf.
334 2700 375 2752 Io.
394 2698 427 2750 fit
445 2701 539 2751 autem
558 2714 592 2751 ex
610 2698 787 2765 plenitudine
805 2702 835 2752 et
850 2699 1013 2752 inanitione.
1037 2698 1140 2766 repleti

124 2767 198 2820 enim
215 2769 292 2822 nervi
306 2768 360 2822 etsi
377 2769 529 2822 secundum
543 2769 631 2822 latum
647 2770 837 2824 extenduntur
852 2770 1004 2823 secundum
1023 2769 1138 2839 longum

122 2840 219 2893 tamen
242 2840 453 2894 contrahuntur.
476 2843 509 2893 ut
532 2857 629 2893 saccus
648 2840 683 2894 de
702 2840 777 2895 corio
800 2842 934 2895 stramine
957 2841 1089 2909 repletus.
1113 2842 1140 2894 si

123 2913 296 2964 evacuantur
315 2911 352 2964 ad
371 2929 451 2965 suum
470 2912 651 2980 principium.
675 2915 861 2981 corrugantur
883 2915 911 2965 et
930 2915 1139 2967 convertuntur.

124 2985 156 3035 ut
173 2997 375 3051 pergamenum
395 2983 430 3036 ad
455 2983 541 3036 solem
556 2982 602 3037 vel
621 2983 658 3036 ad
680 2983 775 3052 ignem
799 2984 968 3052 appositum.
993 2983 1138 3054 Signa...

124 3089 224 3156 (doust.
243 3091 307 3143 viat.
329 3095 355 3157 1,
371 3092 417 3158 24)
441 3089 450 3160 t
474 3094 543 3143 1599
567 3090 613 3143 cui
635 3089 712 3143 hnea
734 3093 841 3144 restat:
866 3067 885 3159 ᾇ
907 3089 964 3144 lies
986 3093 1065 3144 reetr'r
1089 3092 1105 3146 b
1130 3091 1141 3163 ΙΙ

124 3200 193 3248 1600
212 3196 308 3265 metra
322 3198 380 3263 (stc)
395 3198 411 3250 b
428 3199 431 3265 Ι
448 3196 568 3250 latum?:
588 3196 704 3266 longum
723 3200 765 3266 (ut
782 3215 806 3250 o.
821 3200 884 3266 aeq.)
904 3199 919 3251 b
936 3199 940 3265 Ι
957 3199 1015 3251 cui:
1035 3175 1054 3266 ᾇ
1068 3199 1139 3268 (qui)

98 3264 259 3452 ἓξὲξ
274 3267 476 3392 lbribhrictliitus
495 3339 543 3392 ani
561 3339 593 3391 fit
612 3340 700 3408 signis
720 3339 812 3393 causis
831 3339 977 3408 speciebus
996 3341 1012 3393 b
1034 3339 1044 3411 t
1069 3346 1139 3395 1612

157 3471 238 3541 {620
253 3479 334 3531 mbr.
356 3479 514 3538 Menstrua
540 3487 680 3541 contenta
702 3483 794 3556 siguis
817 3483 910 3538 causis
930 3481 1109 3551 speciebush
1134 3487 1142 3556 t

123 3541 189 3581 ⁶¹²0
210 3539 359 3609 bss1623
382 3556 632 3622 quadrasesimus
653 3562 664 3631 (
683 3561 716 3630 'l
736 3559 754 3615 b

61 3514 123 3584 Iup
