2466 3848
152 171 194 234 74
603 167 718 224 EGIDII

150 337 275 393 nausea,
298 337 377 377 nunc
400 319 530 379 subeunt
553 319 684 379 fastidia.
729 320 843 379 firmior
865 324 901 380 ut
923 323 965 381 sit

151 407 286 481 effectus,
308 407 379 466 fidei
401 408 467 467 loca
489 426 575 468 sexus
599 409 663 468 vita
684 409 824 468 iuventus

151 496 310 574 ambiguae
332 498 476 572 poterunt
496 515 619 573 prorsus
642 498 825 574 proscribere
848 500 976 575 signum.

151 585 178 645 si
200 603 320 644 eausam
343 587 445 662 pariat
466 586 587 646 ubertas
610 587 772 664 flegmatis,
796 591 879 648 aetas

80 688 132 728 raro
150 674 272 749 ultima,
296 673 436 734 debilitas
460 694 559 749 sexus,
582 675 746 751 complexio
770 676 863 754 signis

150 763 288 839 praedita
310 763 502 841 flegmaticis,
525 764 647 824 hiemali
668 768 802 840 tempore
825 766 922 823 maior

150 852 264 928 passio,
286 853 451 928 pallescens
474 853 578 914 effusio
601 853 735 928 turbida,
758 855 857 913 laesus

150 941 278 1000 iniectus
301 942 416 1018 pallore
438 942 535 1017 locus,
558 943 606 1002 vel
629 943 721 1001 cruda
744 942 857 1017 diaeta,

150 1030 197 1089 vel
221 1031 361 1106 crapulae
385 1031 534 1091 submissa
555 1032 662 1106 fames,
684 1032 733 1091 vel
755 1036 846 1108 potus
868 1030 1018 1092 inundans

80 1131 132 1173 1111
151 1119 294 1179 ebrietate
318 1119 471 1194 <nimis?>
495 1138 615 1198 corpus,
638 1121 685 1180 vel
707 1122 824 1180 mansio
847 1121 970 1180 brumae

150 1209 310 1284 perniciem
334 1210 468 1269 confessa
491 1209 565 1284 situ,
588 1213 690 1268 tumor
711 1214 742 1270 et
764 1211 906 1287 patientis

150 1298 247 1356 maior
269 1297 410 1358 mollities
434 1297 559 1356 membri
581 1299 764 1375 proscribere
787 1302 914 1375 possunt

151 1386 332 1464 ambiguum.
379 1387 406 1446 si
427 1389 576 1448 terrestris
600 1388 681 1446 mala
703 1388 837 1464 parturit
859 1389 979 1462 humor,

150 1474 191 1534 sit
213 1478 285 1535 nota
309 1475 452 1536 livescens
475 1476 655 1550 membrum,
678 1478 745 1536 faex
769 1479 923 1555 sanguinis
947 1476 1050 1537 albens

79 1577 132 1617 raro
150 1567 181 1623 et
202 1565 313 1638 tenuis,
338 1563 456 1624 brevior
477 1569 590 1640 tumor,
614 1566 691 1626 aeris
715 1567 801 1644 algor
824 1585 947 1626 acumen

149 1654 271 1712 irritans
294 1654 403 1728 morbi,
426 1655 508 1713 vitae
530 1673 600 1730 pars
623 1654 746 1729 ultima,
768 1655 894 1715 membri

150 1741 275 1800 durities
299 1744 413 1819 gravis,
437 1745 632 1820 autumpnus,
655 1743 738 1803 locus
762 1747 852 1821 atque
875 1743 988 1819 diaeta,

150 1832 195 1890 vis
220 1830 412 1906 complexiva.
459 1833 485 1890 si
508 1831 635 1909 frigidus
659 1832 752 1892 efficit
773 1834 894 1907 humor,

151 1923 196 1979 est
218 1920 380 1979 manifesta
401 1921 498 1998 magis
522 1920 660 1995 afflictio,
684 1920 794 1998 frigida
816 1921 956 1981 membris

79 2020 132 2062 raas
150 2027 217 2068 esca
239 2011 335 2067 nocet.
381 2009 408 2068 si
429 2011 588 2069 materiam
610 2010 776 2071 contrarius
800 2012 908 2070 humor

150 2097 280 2171 exhibet,
303 2098 428 2157 infestat
450 2099 542 2158 simili
565 2098 635 2157 dare
658 2119 771 2175 pascua
793 2101 873 2158 malo

150 2190 181 2246 et
203 2187 299 2264 magis
323 2187 441 2265 affligit.
487 2206 577 2248 causa
600 2207 787 2266 quacumque
810 2192 933 2248 nocente

149 2280 313 2336 nocturnus
337 2277 422 2334 dolor
444 2295 506 2337 esse
529 2277 606 2336 solet
628 2277 788 2337 violentior
811 2278 920 2352 omnis,

150 2383 217 2424 oum
239 2367 331 2443 negat
352 2366 466 2424 incluso
490 2384 548 2424 nox
571 2365 755 2441 respiracula
778 2367 868 2427 fumo.

79 2467 131 2507 1eeo
221 2453 378 2530 Templum
400 2455 526 2513 naturae
550 2456 697 2530 perimens
721 2457 859 2534 contagio
883 2457 984 2530 lepra

149 2542 286 2619 pluribus
310 2562 345 2601 ex
367 2544 464 2604 causis
488 2543 591 2602 oritur.
638 2548 798 2622 generante
821 2545 924 2604 diaeta

150 2631 304 2708 sanguinis
327 2632 463 2691 inmundi
486 2634 652 2708 cumulum,
675 2652 743 2693 cum
766 2638 879 2694 terrem
902 2635 1010 2691 humor

224 2823 292 2872 1806
312 2819 402 2873 sb'eat
421 2820 437 2873 b
459 2819 468 2892 11
493 2824 560 2874 1811
580 2820 685 2889 yemali
704 2822 720 2875 b
743 2820 752 2892 11
772 2826 840 2875 1815
859 2818 979 2874 11111111
998 2825 1078 2888 corp⁹
1150 2818 1167 2872 1

149 2890 238 2943 masio
263 2889 362 2944 brume
388 2892 446 2960 (sio)
472 2907 534 2946 eum
559 2892 621 2946 albo
645 2908 703 2946 nou
726 2898 796 2946 reete
817 2895 907 2960 posito
928 2897 993 2960 post
1017 2908 1031 2946 c
1141 2890 1165 2943 b.

149 2961 221 3017 deest
242 2961 326 3015 nimie
350 2964 383 3031 (1)
406 2962 448 3016 cel
469 2964 524 3016 tale
546 2963 614 3030 quid
639 2961 649 3034 tt
678 2968 746 3016 1817
772 2962 995 3032 proffisoribere
1020 2963 1036 3016 b
1067 2961 1070 3034 1
1096 2965 1166 3015 1819

149 3032 297 3088 livescens:
322 3033 390 3086 lives
408 3033 518 3102 (livens)
538 3034 554 3087 b
578 3033 588 3106 11
611 3039 681 3088 1828
700 3034 736 3101 cf.
750 3035 850 3089 Barca.
870 3035 912 3102 (G.
927 3033 955 3089 S.
971 3035 1014 3099 11,
1028 3037 1095 3100 354)
1114 3033 1166 3086 Ar·

148 3104 234 3159 tetice
252 3120 318 3159 vero
337 3105 392 3158 due
410 3106 476 3157 sunt
495 3104 615 3173 species,
639 3104 697 3158 1111
720 3106 795 3158 enim
818 3105 850 3158 fit
869 3121 904 3158 ex
922 3104 1023 3159 calidis
1040 3104 1166 3159 humori-

149 3174 214 3243 bus,
239 3175 297 3229 alia
320 3191 355 3228 ex
377 3174 496 3244 frigidis.
539 3191 611 3244 quae
636 3178 731 3230 autem
754 3177 787 3230 fit
810 3192 844 3230 ex
866 3175 979 3242 calidis,
1004 3177 1054 3229 aut
1076 3175 1109 3228 fit
1132 3191 1167 3228 ex

149 3263 181 3300 sa
222 3248 287 3301 uine
308 3249 358 3300 aut
379 3262 413 3300 ex
436 3246 529 3301 colera
550 3246 639 3301 rubea
657 3254 704 3302 etc.
727 3246 737 3319 tl
760 3253 829 3302 1826
849 3245 943 3301 exibet
962 3248 978 3301 b
998 3249 1002 3316 Ι
1023 3245 1076 3300 lil’i
1097 3246 1166 3301 dare

149 3333 187 3386 pa
210 3335 238 3373 ιο
257 3318 334 3371 malu
354 3321 363 3386 (
383 3319 412 3385 ¹)
432 3317 455 3370 b.
493 3319 528 3384 cf.
543 3317 649 3387 pabula
666 3323 774 3374 o.1833
792 3317 801 3390 11
822 3323 890 3373 1828
909 3318 1012 3374 omnis:
1032 3318 1130 3372 horeb

221 3394 291 3443 1880
309 3389 384 3443 rubr.
403 3387 445 3442 De
463 3387 544 3457 lepra
562 3391 592 3443 11
610 3405 696 3443 causa
715 3392 744 3444 et
761 3389 850 3459 signis
873 3391 934 3445 eiua
953 3391 976 3444 b.
1014 3389 1050 3455 cf.
1064 3389 1164 3446 Barth.

149 3455 192 3525 (0.
216 3458 244 3514 S.
267 3461 315 3526 11,
338 3464 392 3515 357
409 3485 437 3505 --
454 3460 509 3526 IV,
527 3464 594 3527 362)
622 3459 765 3516 Elefantia
794 3477 880 3528 quam
907 3461 1015 3530 lepram
1042 3459 1166 3530 vulgus

142 3531 404 3600 rooat‚.,))1882
423 3530 530 3585 indie
