2466 3848
1044 219 1108 275 XXI

92 370 235 429 diaconus
272 370 369 429 faetus
406 369 600 429 Breconensis
637 361 841 452 (Brecknock)
878 390 932 447 pro
974 371 1107 448 capitulo

91 458 263 519 Menevensi
280 451 428 539 (episcopi
446 458 550 518 Sancti
563 455 676 536 David)
695 460 763 519 lites
782 458 891 519 habuit
908 478 998 536 super
1016 461 1106 519 eccle·

92 549 137 608 sia
160 548 195 607 (16
214 548 295 606 Keri.
318 543 395 606 hanc
412 547 547 606 Adamus
567 548 723 624 episcopus
743 548 772 606 S.
787 548 891 626 Asapb
911 553 1109 625 occupaverat

92 637 426 696 excommunicationem
458 635 581 696 Giraldo
614 656 683 695 cum
715 638 777 697 suis
804 638 947 697 renitenti
976 639 1107 698 minatus

93 723 196 785 ‘licet
220 725 360 786 invitus
389 726 475 802 quia
498 726 651 785 Parisiis
675 726 760 785 olim
788 727 880 786 socii
903 728 1049 786 fuerant
1073 729 1109 786 et

92 808 416 896 consociaresffiir.
435 814 470 872 de
489 815 576 873 rebus
596 834 614 873 a
633 833 663 874 se
686 815 778 893 gestis
804 819 832 890 1,
853 819 871 876 6
892 814 967 893 Opp.
986 816 1003 874 I
1020 837 1049 892 p.
1066 817 1106 874 32

90 906 211 964 Brewer
235 897 336 986 1861)
359 936 403 945 -
426 898 510 963 ‘olim
537 899 636 979 socii',
664 904 716 962 sed
742 924 795 980 per
823 924 897 983 quos
925 923 1020 964 annos
1048 924 1108 965 non

92 995 217 1053 constat.
245 1013 314 1052 nam
339 991 493 1068 Ghaldus,
516 995 551 1052 ut
573 994 605 1050 in
623 994 795 1053 universnm
817 995 882 1070 ipse
905 995 950 1052 ait
972 987 1023 1066 (de
1046 993 1107 1071 reb.

92 1103 110 1142 a
137 1101 167 1141 se
195 1083 286 1160 gestis
312 1084 340 1157 1,
361 1076 395 1163 2)
419 1076 493 1141 ‘tres
522 1084 618 1141 status
646 1101 792 1141 annorum
819 1083 952 1158 plurium
974 1083 1107 1143 Parisius

90 1171 122 1229 in
150 1171 324 1230 liberalibus
352 1170 496 1230 doctrinis
519 1169 656 1230 faciendo
684 1190 873 1248 summosque
900 1174 1107 1249 praeceptores

91 1260 210 1319 demum
240 1259 461 1336 aequiparando
498 1259 622 1319 trivium
657 1259 769 1318 ibidem
801 1260 919 1338 egregie
947 1260 1050 1319 docuit
1076 1262 1107 1320 ot

90 1350 230 1426 precipue
257 1350 289 1407 in
312 1351 376 1408 arte
399 1350 548 1407 rhetorica
570 1349 689 1407 laudem
713 1344 859 1408 obtinuit’
883 1343 934 1431 (of.
957 1353 985 1424 1,
1005 1351 1023 1407 3
1048 1345 1108 1408 ‘re-

90 1456 193 1499 versus
218 1441 319 1497 autem
342 1457 360 1496 a
383 1432 499 1496 studio'
517 1440 571 1496 etc.
591 1438 627 1496 de
650 1438 757 1497 studiis
778 1438 872 1498 Paris.
891 1431 1107 1515 posterioribus

91 1528 191 1605 legum
215 1529 246 1585 et
268 1527 460 1585 decretalium
483 1529 514 1585 et
535 1527 705 1603 theologiae
726 1526 798 1585 ibid.
819 1529 847 1602 2,
869 1532 896 1585 1.
918 1529 945 1585 2.
971 1528 999 1602 3,
1019 1520 1062 1608 3).

165 1618 263 1675 1179:
295 1615 331 1673 In
364 1615 438 1674 actis
474 1615 593 1675 concilii
624 1614 834 1675 Lateranensis
867 1615 904 1674 ab
935 1615 1106 1675 Alexandro

90 1723 171 1781 papa
202 1705 249 1764 III
285 1707 448 1765 convocato
485 1723 591 1763 nomen
628 1707 794 1781 praesentis
830 1705 985 1764 exhibetur
1016 1706 1107 1764 etiarn

90 1793 201 1853 Adami
232 1786 344 1875 (Mansi
369 1793 480 1853 Concil.
498 1793 592 1868 XXII,
613 1795 675 1852 217
701 1794 737 1853 of.
757 1790 844 1875 467).
883 1793 1106 1855 Oantuariensis

90 1884 169 1941 enim
193 1883 364 1960 provinciae
386 1882 419 1940 hi
441 1884 635 1942 nominantur
657 1884 801 1959 episcopi:

349 1966 530 2030 ‘Ruinaldus
552 1972 764 2031 Bathonieusis

347 2061 496 2119 Robertus
519 2060 727 2120 Herfordensis

347 2148 496 2208 Iohannes
519 2148 708 2208 Nervioensis

349 2236 504 2296 Adamus
529 2237 568 2296 de
592 2235 724 2296 Sancto
748 2236 871 2314 Asapb

347 2326 454 2385 Petrus
478 2321 688 2386 Menevonais'.
1086 2362 1087 2368 .

90 2415 149 2472 buc
178 2413 321 2490 pertinet,
354 2435 432 2490 quae
461 2417 554 2474 etiam
582 2417 614 2473 in
644 2416 732 2474 Notis
762 2414 889 2473 Antonii
916 2414 994 2494 Pagi
1025 2416 1107 2492 apud

89 2503 255 2561 Baronium
279 2496 371 2583 (Anu.
391 2505 459 2564 eccl.
480 2504 524 2564 ed.
543 2503 614 2564 Luo.
633 2504 704 2562 XIX
726 2525 755 2580 p.
776 2504 839 2561 499
866 2503 903 2562 of.
922 2503 1021 2563 Mansi
1043 2505 1063 2562 l.
1082 2524 1105 2564 o.

89 2612 118 2667 p.
140 2589 218 2668 248)
237 2592 391 2667 repetitur,
409 2593 518 2652 Bulaei
535 2593 669 2652 narratio
688 2588 771 2673 (hist.
790 2612 840 2652 un.
859 2593 927 2651 Par.
945 2591 977 2652 Π
998 2615 1026 2669 p.
1043 2595 1105 2652 716

90 2681 127 2739 of.
148 2672 227 2760 667)
250 2700 286 2739 ex
303 2681 455 2741 Walteri
477 2682 585 2758 prioris
610 2681 638 2740 S.
654 2682 786 2741 Victoris
810 2680 1032 2741 dialecticorum
1055 2682 1105 2740 ad·

89 2769 215 2828 versarii
238 2771 397 2847 aegerrimi
420 2762 486 2851 (qui
511 2770 658 2830 trinitatis
680 2772 832 2830 invasores
855 2772 992 2848 increpat
1013 2771 1105 2830 Abai·

89 2859 217 2933 lardum‚
236 2859 358 2917 Petrum
371 2858 582 2934 Lombardum‚
604 2860 727 2919 Petrum
745 2859 973 2934 Pictaviensem,
992 2859 1105 2919 Gilber·

89 2950 156 3006 tum
190 2948 386 3007 Porretanum
420 2943 496 3008 ‘uno
534 2949 643 3026 spiritu
676 2948 868 3007 Aristotelioo
907 2944 1044 3008 inflatos’
1077 2952 1107 3007 et

90 3037 179 3110 quasi
193 3032 394 3112 ‘labyrinthos
408 3030 579 3118 Franciae')
599 3040 630 3096 in
649 3056 737 3113 opere
756 3041 860 3097 contra
875 3036 1041 3097 haereticos
1056 3028 1106 3117 ((16

89 3124 181 3184 titulo
208 3125 278 3183 libri
299 3147 326 3186 v.
341 3127 472 3186 Bulaeus
495 3148 524 3203 p.
540 3128 612 3185 402.
634 3127 706 3186 629.
738 3126 852 3186 Denifle
879 3127 968 3186 Aroh.
982 3125 1007 3200 I,
1026 3119 1105 3205 404)

90 3212 126 3271 (16
144 3213 262 3274 Adamo
281 3234 400 3292 quoque
419 3235 488 3274 eum
506 3214 686 3291 quibusdam
705 3215 906 3275 cardinalibus
925 3217 1106 3292 repugnanti

90 3305 195 3362 contra
218 3303 422 3362 Alexandrum
444 3324 555 3380 papam
578 3304 638 3379 III,
668 3323 737 3363 oum
759 3305 792 3362 in
815 3305 941 3365 concilio
964 3304 1106 3364 Lombar·

90 3390 164 3449 dum
185 3393 211 3451 is
235 3392 377 3452 damnare
399 3395 626 3452 moliretur...
647 3387 793 3462 ‘Quidam
815 3412 884 3453 vero
909 3392 1106 3452 cardinalium

91 3523 142 3538 ...
161 3483 272 3558 egressi
299 3483 371 3540 sunt
393 3501 428 3541 ex
451 3483 638 3542 consistorio.
683 3480 821 3551 Quidam
839 3481 940 3540 etiam
957 3483 1127 3552 66666666

89 3568 248 3629 Wallensis
264 3570 365 3632 Adam
388 3571 485 3637 exivit
509 3593 581 3636 earn
601 3572 670 3635 illia
693 3567 961 3634 bascanorum
978 3578 1074 3637 pana
1093 3570 1157 3622 2⁸³2ss
