2444 3848
549 205 718 261 VIATIOUS

127 376 208 416 nunc
230 376 283 432 per
306 356 468 416 diabrosim
492 375 584 416 venae
608 376 751 434 compage
775 359 875 416 soluta

128 448 160 505 vi
183 446 310 520 colerae,
334 466 411 506 nunc
434 447 555 505 ubertas
580 447 695 505 occasio
718 446 814 504 fluxus

128 535 264 594 efficitur.
302 535 329 592 si
350 536 521 595 vulneribus
546 536 586 594 sit
607 554 684 594 vena
707 535 820 609 soluta,

56 639 109 678 mro
127 624 162 683 fit
185 623 282 698 dolor,
306 626 337 681 et
359 643 450 684 eausa
473 625 636 700 praecessit
657 624 781 699 praevia
804 642 889 684 casus

128 715 182 771 aut
204 714 262 772 iter
285 715 338 772 aut
360 732 464 791 pugna
487 715 535 772 vel
558 714 681 789 quaevis
706 732 795 772 causa
818 714 950 790 fatigans

127 804 273 861 humanas
297 802 388 877 vireS,
413 804 443 860 et
464 803 533 878 puri
556 803 711 880 sanguinis
734 802 815 860 unda

128 891 232 950 effluit.
268 891 389 950 ubertas
413 891 439 951 si
462 910 553 951 eausa
576 892 628 965 sit,
652 891 788 950 uberiore
886 902 888 908 '

127 981 250 1038 flumine
273 981 456 1056 prorumpit,
480 983 520 1040 sit
543 980 661 1058 signum
684 981 827 1056 plectura,
851 999 944 1039 venae

56 1084 108 1125 mus
128 1069 245 1143 molles,
270 1087 395 1128 carnosa
418 1070 517 1146 chymi
540 1071 602 1128 sine
626 1069 710 1128 sorde
733 1070 859 1143 fluenta,

128 1177 182 1217 nec
205 1158 291 1216 dolor
313 1159 445 1217 infestat.
483 1159 596 1216 colerae
620 1159 646 1217 si
669 1158 777 1216 fundat
800 1177 924 1217 acumen

128 1248 325 1324 sanguineum
348 1249 505 1321 minctum,
530 1247 653 1305 mordax
675 1250 825 1323 punctura
847 1248 999 1324 molestat,

129 1339 159 1394 11
182 1354 301 1395 croceus
324 1339 411 1395 notat
433 1338 489 1394 hoc
513 1337 648 1413 sanguis,
672 1336 801 1395 corrosio
825 1356 918 1395 venae

128 1426 284 1502 sanguinis
307 1425 466 1484 inmundas
490 1443 556 1483 cum
579 1424 712 1484 faecibus
736 1427 808 1483 eicit
829 1424 935 1484 undas.

56 1529 109 1569 meo
127 1514 207 1572 hunc
229 1514 341 1572 fluxum
366 1514 391 1572 11
414 1514 515 1572 fundit
539 1533 622 1589 epar,
647 1515 818 1590 prorumpit
839 1514 978 1575 habunde

128 1606 158 1661 et
180 1622 274 1678 purus
297 1603 432 1680 sanguis,
457 1602 590 1681 gravitas
613 1603 797 1679 ypocondria
820 1603 925 1662 (1111111

128 1692 264 1766 infestat,
287 1694 438 1767 postrema
461 1691 536 1751 facit
559 1711 614 1751 sua
636 1692 761 1751 flumina
784 1693 906 1771 sanguis

127 1780 215 1839 urina
237 1783 378 1840 manante
401 1781 494 1858 prius.
533 1781 702 1840 sirenibus
726 1782 798 1856 exit,

127 1870 159 1927 in
181 1889 286 1928 renum
308 1872 430 1948 regione
453 1870 539 1929 dolor
557 1871 747 1945 discernitur,
772 1874 860 1947 atque

56 1972 109 2013 1485
128 1957 264 2034 passibus
288 1959 424 2036 aequatis
448 1961 587 2033 currunt,
611 1959 715 2018 effusio
740 1962 869 2037 sanguis.

128 2047 154 2106 si
177 2047 217 2106 sit
239 2048 319 2106 laesa
341 2048 425 2120 kilis,
449 2048 513 2106 illic
536 2048 684 2124 perpende
707 2047 848 2106 dolorem.

127 2137 243 2194 vesicae
266 2137 341 2195 uitio
365 2138 391 2195 si
414 2137 547 2213 perfluit,
572 2138 653 2195 ocius
678 2137 739 2195 exit

127 2225 231 2283 urinae
253 2225 350 2283 fluxus
372 2243 579 2302 praecurrens,
603 2225 682 2284 vasis
705 2227 738 2283 in
760 2225 821 2282 imo

128 2313 265 2373 subsistit
288 2315 341 2389 qui
364 2316 502 2392 grossitie
526 2317 649 2392 cogente
673 2313 810 2374 deorsum

56 2401 254 2478 recumbitur,
278 2404 308 2461 et
331 2404 467 2463 cumulus
491 2422 578 2462 cruor
601 2406 646 2464 111
667 2405 700 2461 in
723 2422 793 2462 vase
816 2401 966 2480 globosus.

84 2531 87 2537 -
129 2492 257 2566 quodsi
281 2511 457 2568 squamosus
482 2511 589 2551 exosus
612 2492 735 2552 naribus
760 2492 833 2566 exit,

128 2579 241 2656 absque
264 2580 322 2638 fide
346 2581 438 2641 dubia
460 2582 575 2640 vesicae
598 2583 723 2640 vulnera
745 2581 854 2656 prodit.

198 2669 341 2728 Humoris
365 2670 493 2746 duplicis
517 2670 635 2747 lapidi
657 2674 768 2729 natura
790 2669 942 2729 ministrat

127 2761 284 2817 materiam
308 2759 459 2835 variisque
481 2760 554 2819 loeis
577 2761 633 2820 hoc
655 2759 848 2818 materiatum

57 2862 109 2902 mss
127 2851 274 2923 nascitur,
297 2848 328 2907 in
352 2869 421 2908 rene
446 2850 577 2926 gemino,
600 2848 738 2927 frigentis
762 2850 794 2907 in
817 2868 866 2906 ore

128 2937 253 2996 vesicae.
290 2938 372 2998 cibus
395 2939 452 2996 hoc
476 2938 639 3013 dampnum
661 2941 810 3014 potusque
834 2937 986 2995 ministrat

200 3112 269 3160 1461
288 3107 450 3175 dyabro'sim
470 3110 485 3162 b
505 3108 549 3177 (cf.
569 3126 594 3162 o.
605 3111 667 3177 738)
690 3109 700 3180 Η
724 3114 791 3161 1471
811 3112 907 3178 pugna
925 3109 984 3176 (sic)
1004 3108 1020 3160 b
1042 3107 1052 3178 11
1076 3112 1144 3160 1472

128 3181 157 3231 et
175 3178 250 3245 puri:
272 3178 349 3246 ipuri
367 3180 391 3234 1.
429 3182 469 3234 Io.
490 3180 514 3232 si
538 3180 576 3232 sit
599 3195 633 3232 ex
652 3180 784 3248 ruptione
802 3196 871 3235 vene
889 3196 977 3247 purus
996 3178 1143 3232 emittitur.

129 3249 152 3300 ei
176 3264 210 3302 ex
233 3250 391 3304 corrosione
414 3250 457 3303 vel
481 3257 559 3320 (corr.
580 3251 640 3304 sinc
665 3257 698 3304 at
721 3253 818 3319 supra)
841 3250 955 3304 vulnere
978 3248 1145 3318 purulentus

129 3321 172 3373 ast
189 3319 199 3391 11
218 3320 413 3391 1479111ῡά11
428 3323 444 3375 b
461 3321 471 3394 b
490 3326 560 3376 1485
575 3325 691 3375 currunt
704 3323 763 3379 scit.
777 3324 862 3377 111111
876 3328 901 3376 et
914 3322 1029 3391 sanguis
1046 3319 1056 3391 11
1075 3324 1144 3374 1487

128 3390 222 3444 occius
241 3390 285 3463 111
304 3396 373 3445 1488
392 3392 473 3447 urina
491 3398 625 3461 pourrens
643 3392 734 3446 fluxus
754 3395 769 3447 b

201 3466 269 3517 1498
292 3464 367 3519 rubr.
390 3462 433 3518 De
455 3462 560 3532 lapidis
584 3464 676 3518 causis
700 3466 729 3519 et
754 3464 845 3533 signis
869 3467 902 3518 et
923 3460 1082 3528 speciebus.
1097 3462 1171 3522 Q

128 3544 360 3626 ricciardus
380 3571 440 3644 (eir)
461 3572 477 3628 b
621 3588 639 3623 ι
