2466 3848
137 183 179 247 10
585 183 699 238 EGIDII

78 345 116 385 ras
136 331 161 389 si
185 330 225 390 sit
248 349 339 391 causa
361 351 469 392 recens.
508 335 559 392 sed
582 335 607 394 si
628 336 826 411 praescriptio
849 337 933 414 longi

134 421 276 497 temporis
299 421 418 481 exacuit
438 423 537 483 morbi
558 424 650 482 ferale
673 423 845 502 flagellum,

136 511 201 567 aret
223 509 342 587 lingua,
365 512 463 570 tumet
484 512 590 586 facies,
613 514 644 571 et
665 512 747 571 labia
770 512 868 590 pallor

137 597 274 673 obnubit,
297 598 421 678 nigrant
441 620 556 678 ungues
579 603 609 660 et
632 619 763 661 concava
784 601 861 660 fiunt

136 686 262 762 lumina,
286 688 417 748 durescit
439 690 544 766 pulsus
567 691 621 765 qui
643 707 754 765 paruus
773 690 803 748 in
828 693 892 750 ictu

78 790 118 830 rac
136 777 276 850 sentitur,
300 796 352 853 pes
375 781 467 854 atque
489 797 595 838 manus
619 782 773 838 contracta
795 780 924 857 rigorem

136 865 265 940 perdunt
285 866 452 942 intensum,
474 868 509 926 fit
531 867 698 945 perniciosa
719 867 840 928 belismi

137 957 261 1028 esurieS,
285 957 384 1016 cervix
407 957 519 1035 frigens
543 957 650 1017 sudore
672 957 832 1031 madescit,

136 1043 261 1101 inferius
283 1044 401 1103 labrum
424 1046 501 1106 laxis
524 1047 590 1106 loca
613 1047 713 1104 mutat
735 1046 858 1105 habenis

137 1134 168 1190 et
189 1135 301 1191 tremor
323 1135 354 1191 in
377 1135 516 1194 membris
539 1153 687 1212 praesaga
709 1136 775 1212 lege
798 1138 936 1213 vagatur.

79 1234 118 1273 ree
137 1224 263 1280 mortem
286 1224 415 1282 vicinam
439 1224 560 1283 morbus
583 1226 662 1284 senis
684 1225 812 1301 imperat
835 1225 929 1283 annis.

139 1309 276 1369 Crebrius
300 1313 331 1369 in
355 1313 440 1372 laevo
464 1332 536 1373 sexu
560 1313 614 1372 sub
637 1315 770 1389 tempora
795 1314 916 1372 brumae

138 1401 249 1474 promit
271 1401 413 1461 emitritei
436 1403 569 1463 conlusio
592 1403 673 1462 facta
696 1402 819 1462 minoris

138 1488 216 1546 hunc
238 1490 387 1565 morbum,
410 1493 459 1549 vel
481 1493 659 1551 continuans
682 1492 849 1567 putredinis
872 1491 952 1550 boris

138 1577 302 1637 cottidiana
325 1579 428 1653 febris,
452 1599 520 1638 cum
541 1585 633 1656 typus
657 1580 767 1639 accidit
789 1582 891 1657 algens

80 1681 119 1720 aco
139 1686 200 1740 qua
223 1668 334 1741 splenis
357 1669 440 1745 regio
463 1669 665 1745 protenditur,
688 1671 718 1727 et
741 1669 822 1728 color
845 1671 910 1727 ater

139 1757 255 1831 egestas
277 1756 370 1833 tingit
392 1757 489 1816 faeces
511 1759 716 1833 vomitumque
740 1758 862 1816 colorat.

210 1843 288 1922 Lege
310 1845 569 1905 melancolicae
593 1846 752 1905 conturbat
774 1848 894 1905 mania
916 1846 1008 1922 pestis

138 1933 302 1992 humanum
325 1933 489 2008 cerebrum,
512 1935 564 1994 sed
587 1936 747 1995 discretiva
770 1935 904 1994 locorum

140 2021 300 2100 distinguit
322 2023 443 2100 species.
480 2043 550 2083 nam
573 2024 683 2083 cellula
705 2025 803 2101 prima
825 2025 965 2083 nocivum

82 2125 120 2164 uos
139 2111 255 2170 fumum
278 2113 442 2188 suscipiens
465 2113 603 2173 animalis
625 2115 782 2190 praepedit
804 2115 906 2172 actum

140 2200 243 2275 officii,
266 2202 444 2279 lapsumque
469 2203 550 2262 subit
571 2203 734 2262 fantastica
755 2203 860 2262 virtus.

140 2291 222 2349 laesa
244 2291 470 2350 melancolicum
492 2292 630 2368 producit
654 2293 729 2350 cella
752 2292 893 2365 secunda,

213 2482 264 2532 185
290 2481 361 2547 (poet
387 2480 458 2547 ictu)
485 2481 559 2534 rubr.
589 2479 677 2548 Signa
704 2479 859 2546 inveterate
887 2476 1001 2546 litargie
1028 2474 1066 2527 XI
1094 2494 1121 2529 ra
1151 2477 1153 2544 Η

140 2549 269 2618 pseripco
296 2567 323 2604 m
351 2550 397 2616 (cf.
421 2551 454 2604 dc
481 2551 549 2604 med.
575 2567 659 2619 comp.
680 2555 706 2616 4,
727 2553 781 2604 605
809 2548 883 2614 Quos
913 2549 1007 2601 firmat
1031 2548 1156 2601 veterum

141 2619 327 2689 praescriptio
342 2621 419 2675 facta
433 2621 542 2675 dierum
557 2663 599 2676 ...
615 2623 759 2690 expugnat
774 2663 815 2674 ...
831 2619 942 2674 morbos
956 2635 992 2674 ac.
1006 2618 1118 2686 tiriaca)
1130 2645 1157 2662 =

139 2692 305 2759 praedictio,
332 2699 364 2746 ut
387 2711 411 2748 c.
429 2697 483 2748 366
507 2691 517 2764 ΗΗ
543 2697 593 2746 188
618 2708 708 2762 ugues
731 2711 758 2746 m
782 2692 792 2762 ΗΗ
818 2695 869 2745 189
896 2690 1004 2744 lumina
1028 2688 1157 2771 inolescit

143 2762 266 2816 durescit
282 2781 311 2832 p.
330 2765 391 2833 (uic)
410 2782 437 2818 m
458 2765 468 2835 ΗΗ
492 2768 543 2816 190
561 2763 654 2833 rigore
672 2781 699 2817 m
722 2763 732 2835 ΗΗ
756 2768 805 2816 191
826 2763 916 2836 pdunt
934 2764 1081 2820 mtc=.'.'.'.··1m
1105 2764 1157 2828 (m-

141 2836 270 2887 tensum?
289 2835 324 2900 cf.
340 2838 403 2902 544)
422 2835 455 2888 fit
472 2853 499 2889 m
517 2834 527 2907 ΗΗ
545 2840 596 2888 192
617 2835 742 2890 esuriens
760 2852 787 2887 m
804 2833 814 2905 ΗΗ
834 2838 885 2887 194
903 2832 922 2887 l.
941 2833 1073 2901 vagatur:
1093 2830 1156 2899 lege

139 2904 248 2978 tillidi*
261 2907 362 2975 (atur)
381 2924 408 2961 m
426 2906 436 2978 ΗΗ
455 2911 506 2959 196
525 2906 619 2960 annis:
640 2911 708 2958 anos
727 2923 754 2959 m
776 2905 785 2976 ΗΗ
805 2910 855 2958 196
874 2905 949 2959 rubr.
966 2903 996 2956 in
1016 2918 1071 2970 quo
1090 2917 1158 2954 sexu

142 2979 170 3030 et
193 2992 249 3044 qua
272 2977 365 3045 specie
387 2978 484 3031 veniat
506 2977 684 3045 frequencius
707 2994 735 3031 m
757 2981 761 3045 Η
784 2974 926 3032 Crebrius:
949 2975 984 3028 ab
1006 2974 1056 3028 boc
1078 2989 1158 3028 verca

141 3049 241 3117 iuuabit
254 3051 327 3117 (post
336 3050 460 3116 primaru
474 3050 634 3116 obscurum)
648 3048 748 3114 solitum
760 3047 909 3102 accardum
922 3044 979 3100 cod.
990 3045 1083 3099 Raab.
1099 3045 1136 3112 (b)
1149 3045 1159 3115 ΗΗ

144 3160 193 3209 197
213 3132 338 3209 codlusio
361 3154 408 3210 foa
431 3174 470 3209 m:
498 3155 576 3225 ic‘aq3
600 3153 678 3209 calce
701 3155 716 3208 b
739 3155 798 3222 (qui
822 3170 873 3206 oue.
897 3151 1033 3219 conlusio)
1065 3150 1074 3222 ΗΗ
1107 3155 1158 3203 198

141 3227 217 3280 horis
232 3228 260 3282 b:
274 3227 358 3280 horae
371 3246 398 3281 m
416 3225 426 3299 ΗΗ
446 3231 496 3279 199
511 3225 719 3281 cottidianam:
735 3223 900 3278 continuata
915 3225 931 3277 b
949 3222 959 3294 ΗΗ
977 3227 1029 3276 200
1044 3237 1101 3290 qua
1116 3265 1121 3276 .
1134 3263 1157 3276 ..

141 3333 281 3404 ptenditm
294 3351 333 3388 m:
351 3313 371 3401 d
389 3335 494 3402 (quam)
510 3375 515 3386 .
528 3375 534 3386 .
546 3375 551 3386 .
565 3302 672 3400 ptedtb
688 3334 693 3399 Η
710 3333 771 3384 ater
788 3348 828 3385 m:
848 3333 914 3385 ante
933 3331 949 3385 b
1134 3399 1139 3410 ι

208 3409 265 3455 202
280 3406 356 3460 mbr.
379 3404 415 3458 de
436 3404 533 3457 mania
556 3405 586 3457 et
607 3401 773 3457 melancolie
792 3402 852 3471 (aie)
871 3420 911 3469 m,
937 3401 972 3455 de
996 3399 1159 3454 differencra

113 3468 219 3544 menie
236 3474 270 3551 et
284 3474 463 3530 melancolia
483 3476 500 3531 b
516 3476 526 3558 Η
546 3474 646 3530 mania
664 3475 693 3531 b:
712 3471 811 3528 inania
828 3475 887 3544 (sict
906 3490 934 3526 m
955 3471 966 3543 ΗΗ
988 3476 1040 3524 205
1059 3469 1159 3540 ppedit

97 3542 146 3579 Μ’
158 3534 275 3594 Pdedrt
293 3545 346 3615 ὐΗ
363 3550 421 3600 206
441 3546 577 3603 officium
592 3547 693 3621 (off’m)
714 3547 732 3605 b
