2466 3848
189 781 261 863 EX
293 781 573 864 GLOSULIS
603 782 1067 865 AFFORISMORUM

277 950 596 1033 SECUNDUM
625 949 975 1033 MAGISTRUM

436 1119 821 1202 OARDINALEM

395 1292 538 1362 (prologus
557 1293 617 1347 cod.
634 1292 719 1346 Basil.
734 1292 758 1345 D
773 1292 787 1345 Ι
802 1295 854 1360 16).

190 1469 271 1522 Vita
297 1468 410 1523 brevis
437 1473 489 1523 est
517 1486 573 1524 ars
597 1486 675 1524 vero
703 1470 814 1539 longa.
860 1469 983 1539 Corpora
1008 1469 1134 1524 humana

119 1541 253 1595 continua
275 1541 447 1595 resolutione
469 1541 654 1596 resolvuntur.
678 1540 757 1595 cuius
777 1557 863 1595 causa
881 1543 924 1594 est
942 1542 1053 1609 triplex.
1076 1558 1134 1595 nna

118 1614 161 1666 est
180 1611 282 1666 debilis
301 1612 470 1682 coagulatio,
490 1629 524 1666 ex
543 1628 599 1679 qua
619 1612 769 1682 coagulata
787 1615 861 1666 sunt.
885 1612 988 1681 unde1)
1007 1629 1064 1667 non
1082 1614 1133 1667 ha-

118 1683 186 1737 bent
209 1683 311 1737 fortem
330 1684 476 1750 virtutem,
498 1685 532 1736 ut
554 1684 664 1752 possint
685 1684 815 1738 resistere
838 1684 938 1738 virtuti
960 1683 1133 1751 dissolventi,

118 1755 191 1808 sicut
209 1753 358 1807 mineralia
381 1757 496 1823 propter
514 1754 616 1808 fortem
635 1754 860 1824 coagulationem
882 1755 1018 1809 resistunt
1035 1755 1134 1809 virtuti

120 1825 291 1880 dissolventi.
323 1824 400 1879 unde
423 1825 596 1879 Avicenna
620 1825 747 1879 ‘Utinam
776 1842 893 1894 corpora
918 1828 1015 1880 nostra
1040 1829 1134 1881 essent

119 1896 280 1961 mineralia,
303 1898 336 1949 ut
356 1914 413 1951 non
430 1897 472 1950 ita
491 1897 547 1950 cito
567 1895 805 1951 dissolverentur'.
839 1897 968 1951 Secunda
987 1914 1072 1951 causa
1091 1899 1134 1952 est

119 1968 186 2037 quia
200 1970 405 2037 componuntnr
419 1984 453 2021 ex
465 1968 622 2034 contrariis,
637 1985 692 2035 que
706 1968 863 2023 adinvicem
876 1970 966 2039 agunt
980 1971 1008 2022 et
1019 1969 1133 2037 patiun-

117 2042 172 2106 tur,
191 2040 281 2093 omnis
297 2042 391 2094 autem
405 2039 499 2107 passio
514 2041 605 2109 magis
620 2039 697 2093 facta
715 2040 804 2094 abicit
822 2056 840 2093 a
859 2040 1017 2094 substantia
1036 2056 1133 2094 secun-

118 2111 185 2164 dnm
198 2110 456 2179 philosophum,
475 2113 504 2165 εὴ
518 2111 559 2164 ita
573 2111 705 2164 continno
720 2111 916 2165 dissolvuntur.
938 2111 1035 2165 Tertia
1049 2127 1135 2165 cansa

118 2184 161 2236 est
175 2181 318 2251 elongatio
332 2182 484 2236 nutrientis
499 2197 516 2235 a
534 2198 564 2236 re
582 2183 698 2235 nutrita.
727 2182 929 2237 nutrimentum
948 2183 1023 2236 enim
1037 2198 1133 2251 recep·

117 2258 178 2306 tum
196 2253 227 2306 in
246 2269 361 2322 corpore
380 2256 474 2307 nostro
495 2253 586 2306 multa
609 2253 796 2306 inmutatione
816 2256 955 2321 mutatur,
980 2256 1132 2322 antequam

117 2324 231 2378 nutriat.
264 2323 402 2393 digeritur
421 2325 495 2378 enim
514 2326 606 2393 prima
625 2324 782 2392 digestione
802 2328 830 2378 et
849 2323 972 2378 secunda
991 2327 1020 2379 εὴ
1037 2325 1133 2390 tertia,

118 2396 206 2450 etita
225 2394 315 2448 multa
334 2396 367 2448 fit
385 2395 557 2464 deperditio,
581 2396 734 2463 antequam
755 2396 881 2449 nutriens
900 2395 1015 2450 nutriat.
1048 2394 1133 2450 relin-

118 2467 181 2535 quit
203 2467 289 2521 etiam
313 2467 417 2520 multas
441 2465 677 2535 superfluitates&
703 2465 734 2518 in
759 2483 887 2536 corpore,
913 2483 967 2535 que
993 2467 1133 2521 contrarie

117 2540 183 2591 sunt
208 2540 309 2590 nature
334 2538 423 2591 nostri
450 2538 574 2606 corporis
600 2540 629 2592 et
655 2541 837 2607 corrumpunt
862 2555 970 2606 corpus.
1007 2541 1040 2592 nt
1065 2554 1132 2609 ergo

117 2625 217 2677 corpus
232 2609 385 2662 humanum
402 2625 458 2662 non
473 2609 671 2663 dissolveretur
685 2608 778 2663 subito
794 2608 830 2662 ab
843 2609 927 2662 huius
943 2609 1021 2663 modi
1039 2610 1132 2664 causis

117 2679 343 2745 dissolventibus,
363 2681 520 2735 necessaria
538 2681 594 2733 fuit
613 2679 709 2748 aliqua
728 2696 773 2733 ars
792 2680 938 2734 retardans
952 2683 1061 2734 tantam
1076 2681 1132 2735 dis·

117 2751 298 2817 solutionem,
317 2751 369 2805 hec
388 2753 483 2804 autem
503 2754 545 2805 est
563 2751 712 2805 medicina.

188 2839 239 2892 Est
258 2842 352 2893 autern
372 2839 512 2894 medicina
531 2839 707 2893 nobilissima
725 2840 913 2894 scientiarum.
942 2842 985 2894 est
1003 2839 1078 2894 enim
1097 2841 1132 2894 de

116 2926 232 2978 corpore
246 2910 369 2964 humano
389 2912 472 2965 et‘dc
490 2911 667 2966 nobilissima
683 2910 851 2977 substantia,
869 2911 953 2965 homo
968 2911 1042 2965 enirn
1057 2910 1132 2980 apud

115 3016 262 3087 theologos
289 3016 394 3071 dicitur
418 3016 594 3071 nobilissima
621 3020 821 3072 creaturarum.
860 3000 907 3086 3⁸)
934 3017 990 3071 alie
1015 3017 1132 3071 scientie

116 3090 166 3141 aut
185 3091 250 3142 sunt
269 3088 406 3142 derebus
425 3087 635 3158 generabilibus
654 3090 682 3142 et
699 3087 929 3157 corruptibilibus
942 3089 1063 3155 tantum,
1083 3090 1133 3141 aut

115 3159 150 3212 de
169 3158 320 3214 celestibus
338 3162 463 3227 tantum,
486 3160 627 3214 medicina
646 3161 741 3213 antem
766 3162 809 3213 est
830 3163 890 3213 tam
911 3161 946 3214 de
964 3159 1027 3213 istis
1048 3176 1132 3228 quam

116 3229 151 3282 de
169 3231 234 3285 illis.
268 3231 417 3284 nonenim
437 3230 527 3284 solum
545 3231 683 3285 rectificat
702 3230 900 3299 dispositiones
922 3231 1059 3300 corporis,
1083 3231 1133 3285 sed

156 3421 188 3481 1)
210 3424 305 3478 unde:
327 3412 368 3480 v‘I
385 3429 446 3484 cod.
464 3432 532 3502 (pro
550 3405 606 3503 it).
700 3430 729 3498 ἣ
747 3425 967 3497 suoetdmtates:
984 3412 1064 3480 idm.

137 3518 169 3582 3)
186 3508 227 3589 13⁴¹
246 3531 297 3584 δίο
313 3535 390 3606 eod„
410 3545 447 3595 ut
467 3541 565 3611 infra.
