2466 3848
569 199 738 256 VIATICUS

152 350 304 409 clauditur
326 350 463 410 obstruso
482 351 563 409 fluxu
586 353 734 428 fumoque
751 353 849 413 soluto
916 352 918 357 ’

151 439 284 499 matricis
307 440 433 499 fundum
456 441 600 514 sustollit,
622 443 752 517 pectoris
776 444 858 501 artat

80 545 133 585 reso
152 547 295 603 concava,
318 530 367 589 vel
389 532 509 606 praeter
531 530 653 590 solitum
676 550 743 590 eum
765 530 910 609 languida
932 534 1034 608 torpet
1146 528 1147 534 '

150 617 283 694 insopita
305 637 397 678 venus
420 639 583 694 renumque
606 623 757 680 remittere
779 623 895 680 motum
987 667 989 671 >

151 725 307 783 surrepens
330 708 449 769 novitas
473 727 580 768 causae
604 710 758 786 compellit
780 713 811 768 et
832 728 905 768 usus
944 711 946 714 ⁴
1008 757 1011 761 .

152 799 286 856 assuetos
309 797 427 856 cohibet
449 798 577 872 veneris,
602 817 669 857 cum
691 800 850 875 spermatis
874 818 967 876 agger
1039 802 1040 806 ’
1130 827 1133 838 1

150 885 285 961 corrupti
306 886 388 946 virus
411 889 536 964 generat
557 887 738 963 vulvamque
761 888 886 947 localem

80 988 132 1029 rese
150 976 321 1051 permutare
344 977 436 1035 situm
459 977 541 1054 cogit
563 976 635 1035 dum
657 977 758 1036 fumus
781 976 812 1035 in
836 978 932 1035 altum

150 1066 257 1123 noxius
279 1065 357 1124 hanc
379 1065 468 1124 tollit.
506 1065 583 1124 solet
604 1066 660 1124 hoc
683 1065 847 1142 dampnum
869 1065 1028 1125 viduarum

152 1155 332 1230 attemptare
355 1173 488 1231 gregem,
511 1154 560 1213 vel
583 1172 657 1228 ques
679 1173 758 1213 nova
781 1156 853 1213 vota
875 1154 958 1214 virili

151 1261 170 1300 a
192 1261 271 1300 nexu
293 1242 446 1316 cohibent,
468 1243 516 1302 vel
540 1259 615 1318 quas
638 1244 735 1302 tutela
758 1247 876 1302 coactas

152 1330 262 1406 absque
285 1333 350 1390 viro
373 1333 489 1390 castum
511 1330 598 1390 docet
620 1331 775 1390 observare
799 1332 908 1408 cubile,

81 1433 133 1474 reso
152 1437 220 1477 cum
242 1422 344 1478 tamen
366 1420 422 1478 hoc
444 1421 554 1503 natura
576 1424 678 1497 neget,
701 1421 748 1479 vel
772 1420 900 1496 quilibet
921 1422 1028 1480 humor
1142 1421 1146 1429 ’

152 1527 331 1584 exsuperans
354 1508 540 1584 fundumque
560 1509 678 1585 replens
700 1510 835 1568 matricis
856 1511 1007 1570 honestae.
1084 1516 1085 1519 ’

151 1596 314 1675 Frigiditas
337 1597 518 1674 quandoque
540 1597 621 1674 parit
642 1598 799 1674 morbique
821 1598 976 1659 ministrat

152 1704 286 1760 causam,
310 1687 382 1745 dum
404 1689 516 1746 tractat
538 1688 672 1748 matricis
695 1688 830 1762 vincula,
853 1706 906 1764 per
929 1689 1005 1766 quae
1053 1707 1055 1711 ·

151 1776 312 1835 archarum
334 1776 465 1835 medium
488 1777 609 1837 servans
633 1796 778 1853 suspensa
800 1777 926 1838 locatur.
1096 1778 1099 1786 ‘

79 1876 132 1918 1696
150 1863 265 1924 Nuntia
287 1867 485 1941 praeveniunt
507 1867 584 1926 hanc
606 1886 714 1942 penam
737 1865 901 1926 debilitatis

150 1954 292 2028 insultus,
315 1973 405 2014 coxae
429 1957 577 2033 gravitas,
600 1958 630 2014 et
652 1957 781 2030 pectoris
805 1960 907 2015 artans

151 2043 382 2120 circumquaque
406 2043 492 2102 dolor
513 2047 622 2120 partes.
660 2063 727 2103 cum
749 2045 851 2119 prodit
873 2046 905 2103 in
929 2047 1030 2103 actum

151 2131 264 2207 passio,
288 2131 420 2191 defectus
444 2151 546 2191 sensus
569 2135 728 2208 motusque
751 2152 805 2208 per
827 2137 910 2192 artus

152 2220 296 2295 exoritur,
319 2221 447 2298 regitiva
469 2222 549 2297 perit
571 2240 625 2280 neo
648 2223 781 2298 corporis
805 2223 886 2299 aegri

79 2322 133 2362 170⁰
150 2308 283 2368 membra
305 2312 406 2369 movet
428 2309 538 2384 virtus,
561 2312 612 2369 vix
633 2310 792 2386 inspiratio
816 2330 903 2370 sensu

150 2398 315 2474 percipitur
337 2398 508 2477 digitusque
531 2400 638 2475 nequit
660 2398 824 2459 discernere
846 2400 978 2477 pulsum.

152 2489 296 2546 examinis
319 2488 436 2565 patiens
459 2492 582 2566 generat
605 2488 763 2548 ducamen
787 2490 932 2548 etinfert

152 2576 339 2654 ambiguum,
362 2580 452 2636 nutat
474 2578 606 2654 phisicae
630 2578 756 2636 rationis
780 2597 905 2637 acumen

224 2717 292 2764 1679
312 2710 499 2765 9966961666
518 2711 527 2782 ll
546 2717 614 2766 1688
633 2715 744 2767 asuetoe
759 2713 775 2766 b
792 2714 795 2780 Ι
811 2712 933 2766 veneris:
951 2711 1037 2765 vetris
1056 2713 1092 2779 61
1109 2699 1166 2782 agg}

151 2783 167 2835 b
185 2780 195 2853 ll
211 2786 281 2836 1688
300 2797 318 2835 a
336 2798 421 2835 nexu:
442 2798 552 2836 annexu
570 2785 585 2837 b
602 2785 606 2850 Ι
623 2799 693 2851 quas
712 2783 815 2838 tutela:
833 2783 945 2853 ptutela
963 2784 979 2836 h
999 2782 1009 2855 ll
1028 2788 1098 2838 1690
1116 2800 1166 2838 na·

152 2855 215 2906 tura
234 2856 330 2922 neget:
355 2854 389 2920 cf.
405 2853 494 2908 Curet.
510 2855 666 2921 uiat.6,11
689 2854 698 2926 Η
723 2860 790 2909 1691
810 2855 930 2910 honusta
949 2857 1104 2924 (utsupra)
1124 2857 1139 2909 b
1157 2855 1167 2927 ll

153 2929 221 2978 1696
244 2924 352 2978 Nuccia
375 2925 510 2985 reveniunt
532 2926 719 2994 (perveniunt)
743 2927 759 2980 b
783 2926 793 2997 ll
817 2931 885 2981 1697
909 2927 1035 2994 parturi:
1061 2943 1165 2994 paucos

152 2996 211 3060 (sic)
237 2996 253 3049 b
279 2995 289 3066 ll
317 3001 386 3049 1703
412 2996 520 3064 phisice
549 2997 670 3050 racionis
701 3013 831 3050 acumen:
863 2998 936 3052 Plut.
967 3013 1019 3051 neo
1049 2997 1079 3050 in
1110 2997 1165 3051 alio

151 3064 211 3117 vita
231 3067 387 3134 percipitur
407 3068 462 3121 nisi
482 3068 512 3120 in
536 3067 594 3121 solo
618 3067 718 3122 floculo
741 3068 806 3122 lane
825 3068 940 3122 naribus
960 3069 1098 3137 apposito.
1121 3066 1165 3122 vel

152 3150 186 3188 er
212 3135 337 3204 ampulla
361 3139 459 3192 vitrea.
485 3141 518 3192 ut
543 3138 614 3192 dicit
639 3138 670 3192 G.
696 3141 782 3208 (aprcd
805 3141 896 3195 09996.
919 3141 985 3195 viat.
1004 3144 1032 3206 6,
1051 3143 1092 3206 11)
1117 3147 1164 3194 etc.

152 3207 186 3272 cf.
207 3208 247 3261 Io.
272 3208 502 3278 constringuntur
524 3209 684 3277 spiritualia
707 3211 752 3279 (cf.
772 3213 867 3279 Prae).
895 3227 992 3266 sensus
1018 3212 1046 3265 96
1073 3213 1165 3264 motus

152 3277 206 3331 toti
234 3277 400 3333 auferuntur
424 3279 541 3349 corpori.
569 3297 637 3335 voce
665 3281 819 3349 privantur.
852 3281 950 3350 pulsus
980 3281 1166 3349 spississimus

152 3351 181 3402 et
200 3349 406 3404 defectissimus
425 3353 475 3405 aut
493 3351 587 3405 nullus
604 3352 747 3406 invenitur
765 3352 839 3406 unde
859 3355 969 3407 mortue
991 3355 1165 3420 reputantur.

153 3419 268 3489 Signum
289 3423 384 3475 autem
401 3422 460 3476 rite
478 3423 508 3476 in
527 3423 566 3476 eis
589 3423 643 3477 hoc
666 3426 716 3478 est.
740 3423 843 3477 floccus
861 3423 926 3478 lane
944 3422 1060 3477 naribus
1079 3440 1165 3493 appo-

151 3492 222 3546 situs
241 3495 375 3547 movetur.
396 3507 446 3546 vas
463 3509 582 3561 parvum
601 3509 674 3564 aque
691 3494 810 3564 plenum
825 3511 912 3562 super
926 3497 1034 3561 pestus
1045 3495 1182 3556 poemen

149 3566 277 3618 moretur
296 3580 400 3636 parum
424 3566 453 3620 et
476 3564 508 3621 in
530 3568 615 3624 motu
635 3583 713 3638 aque
732 3564 933 3634 intelligimus
950 3561 1060 3612 msam.
1079 3554 1204 3606 eoum-
