2466 3848
118 206 207 260 XXIV

118 357 189 416 lioet
217 357 303 432 quasi
331 356 468 416 carnifice
494 357 603 416 medici
629 356 742 417 famulo
772 359 800 432 2,
826 358 1062 417 1507-1513.
1093 390 1131 398 -

118 446 167 504 Ad
199 447 310 506 tirones
344 447 478 524 epilogus
512 446 548 504 de
579 446 686 505 habitu
717 445 824 505 medici
852 446 986 521 artisque
1015 447 1074 505 fine
1105 449 1135 521 4,

122 535 349 595 1561-1624.
396 536 433 594 cf.
457 535 592 613 querelas
616 529 728 594 ‘vetuli
754 530 900 595 doctoris'
922 535 958 593 de
988 545 1134 595 novorum

119 625 301 683 medicorum
338 623 493 683 dialectica
529 624 660 700 quadam
696 627 760 683 arte
796 623 980 683 tumidorum
1017 625 1068 684 sed
1103 625 1135 683 in

120 714 243 772 curandi
273 715 393 790 negotio
423 713 631 789 imperitorum
658 731 782 772 censura
809 732 887 773 nunc
909 713 1008 773 minus
1032 733 1136 773 severa

120 820 174 861 nec
206 802 306 878 qualis
338 802 456 861 deceret
487 795 530 884 (v.
559 796 637 884 588)
669 796 870 879 ‘Philippica'
903 804 932 877 3,
959 804 1133 862 549-609

122 883 213 972 (siout
236 890 353 950 Salerni
375 912 402 952 v.
424 893 497 966 565,
519 892 564 950 ita
586 890 710 951 Parisiis
733 891 824 950 etiam
847 892 1009 951 secundum
1031 891 1135 950 Archi·

119 979 231 1039 threnii
249 998 352 1040 versus
374 999 409 1038 ex
426 981 559 1040 Iohanne
583 980 619 1039 de
637 980 781 1040 Hauvilla
800 980 880 1057 apud
898 980 1045 1040 Bulaeum
1067 983 1088 1040 t.
1104 981 1137 1040 Π

121 1090 150 1145 p.
171 1063 259 1147 669).
309 1088 344 1127 ex
380 1071 512 1147 prologis
550 1069 677 1146 denique
713 1069 857 1129 historica
893 1071 1004 1129 notitia
1039 1070 1135 1146 plenis

120 1161 243 1234 propter
269 1159 576 1234 medicos-episcopos
604 1160 661 1218 hoo
689 1177 762 1218 aevo
791 1159 885 1218 claros
913 1160 991 1236 eligo
1021 1159 1136 1235 capitu-

121 1247 185 1305 lum
208 1246 243 1305 de
267 1265 335 1306 sene
359 1247 472 1307 medico
497 1248 602 1307 clerico
627 1240 801 1327 (Renaudo)
828 1249 856 1323 3,
876 1249 1016 1306 24-43.
1061 1248 1137 1308 talia

120 1337 224 1412 itaque
255 1335 461 1396 additamenta
491 1339 581 1412 atque
608 1337 722 1396 lumina
746 1336 888 1397 orationis
911 1338 1024 1397 frustra
1047 1356 1136 1413 quae·

121 1443 170 1484 ras
200 1426 232 1483 in
264 1427 389 1499 viaticO,
422 1426 475 1502 qui
503 1426 560 1485 hec
592 1445 712 1503 quoque
742 1428 829 1501 quasi
860 1429 991 1503 egestate
1022 1425 1048 1484 si
1077 1445 1137 1485 non

122 1515 286 1573 serotinum
312 1517 413 1574 tamen
439 1515 647 1591 imperfectum
674 1517 705 1573 et
727 1516 857 1590 quodam
880 1515 969 1575 modo
991 1515 1138 1574 ineditum

121 1603 223 1681 Egidii
245 1604 377 1663 laborem
399 1603 484 1662 nobis
508 1602 648 1678 praebere
671 1602 829 1662 videbitur.

193 1691 352 1752 Medicus
382 1694 472 1768 poeta
496 1686 598 1750 ‘eruta
628 1691 820 1750 devotorum
847 1691 966 1766 scriptis
995 1687 1137 1766 antiqua'

122 1773 199 1860 (ant.
216 1782 244 1853 2,
261 1774 317 1860 11)
331 1783 475 1855 recenset,
495 1782 527 1838 at
545 1780 733 1839 commendat
751 1800 786 1839 ea
804 1779 1018 1839 nauseantibus
1036 1776 1138 1838 ‘iubar

122 1863 250 1944 eloquii'
273 1861 318 1950 (2,
338 1862 372 1947 8)
393 1873 483 1946 atque
507 1869 620 1928 formae
643 1869 783 1928 metricae
801 1872 928 1928 venusta
950 1868 1078 1943 meritae,
1102 1868 1138 1927 de

123 1959 207 2016 cuius
240 1956 386 2036 dignitate
417 1962 448 2016 et
478 1961 601 2035 propter
632 1959 737 2018 duram
770 1959 927 2017 materiam
959 1957 1138 2017 difficultate

122 2047 235 2106 multus
268 2050 314 2106 est
343 2047 408 2123 ipse
439 2049 472 2106 in
504 2048 691 2124 praefatione
723 2047 844 2107 secundi
876 2047 946 2106 libri
978 2050 1008 2106 et
1037 2049 1139 2123 quarti

123 2136 240 2203 Zoilum
267 2136 459 2213 deprecando.
501 2136 638 2196 similiter
661 2130 795 2217 (parcius
818 2128 935 2217 tamen)
964 2138 995 2195 in
1019 2136 1137 2196 viatico.

124 2226 177 2300 qui
195 2225 272 2284 liber
290 2226 394 2285 eodem
411 2226 471 2285 fere
490 2229 622 2302 tempore
641 2229 762 2302 coeptus
782 2217 858 2306 (ant.
879 2228 907 2301 2,
928 2227 990 2284 247
1013 2228 1050 2284 cl.
1070 2226 1099 2299 3,
1119 2225 1137 2282 3

124 2308 320 2373 ‘crebrescere
353 2315 465 2390 coeptis
497 2317 543 2373 est
573 2309 685 2390 pudor'
713 2361 720 2372 .
745 2360 752 2374 .
776 2307 797 2395 .)
829 2333 889 2372 non
926 2314 1022 2373 solnm
1057 2314 1138 2372 iusto

124 2405 242 2478 praeter
260 2404 418 2480 prologum
440 2403 559 2462 brevem
581 2396 762 2484 (1.1-20)
783 2404 870 2462 initio
894 2407 988 2477 caret,
1008 2397 1139 2478 ‘capitu-

124 2486 178 2551 lis'
197 2492 259 2550 scil,
275 2487 477 2570 ‘generalibus
484 2486 504 2566 ',
523 2492 661 2568 qualibus
679 2491 787 2568 incipit
805 2491 970 2551 breviarius
988 2492 1140 2565 Iohannis,

125 2580 177 2639 sed
207 2581 246 2639 ad
274 2581 364 2639 finem
393 2581 540 2658 quaedam
570 2575 611 2663 (v.
632 2582 719 2639 2320
749 2581 785 2639 de
815 2582 907 2659 signis
931 2574 1140 2661 praegnantis)

125 2671 238 2729 inserta
267 2671 359 2730 babet
388 2673 442 2730 aut
464 2691 499 2729 ex
523 2670 582 2728 alio
605 2669 700 2746 ipsius
723 2670 800 2729 libro
824 2672 878 2729 aut
900 2691 936 2729 ex
959 2671 1055 2730 altera
1077 2689 1139 2729 car·

125 2759 216 2818 minis
247 2759 379 2819 truncati
410 2762 496 2836 parte
526 2762 628 2819 assuta
659 2778 727 2818 cnm
759 2761 856 2835 operis
888 2761 983 2819 totius
1012 2761 1140 2837 epilogo.

126 2850 271 2924 quattuor
300 2849 379 2907 enim
409 2850 445 2908 de
475 2849 569 2926 signis
597 2848 669 2907 libri
690 2848 830 2908 videntur
859 2849 992 2907 extitisse
1015 2842 1140 2921 (Anecd.

125 2938 149 3012 I,
167 2932 254 3016 176),
273 2956 401 3011 quorum
419 2937 532 3013 primus
551 2930 624 3019 (nisi
638 2939 715 2997 forte
734 2938 904 3014 duplicatus
920 2937 947 2996 is
965 2937 1050 2996 nobis
1070 2937 1141 3014 legi-

125 3028 178 3085 tur
201 3043 268 3083 cnm
290 3025 418 3085 secundo
442 3027 585 3086 conflatus
609 3027 662 3102 qui
685 3021 1041 3105 <(111151111111)11111111
1062 3044 1141 3085 nunc

127 3114 247 3174 exhibet
266 3114 362 3188 2358,
381 3119 505 3191 quartus
525 3118 625 3174 autem
645 3117 707 3175 957
729 3115 764 3174 de
782 3135 900 3175 morum
923 3116 1017 3174 animi
1039 3116 1142 3192 signis.

127 3204 177 3262 oui
199 3222 321 3263 numero
345 3206 372 3263 si
393 3223 497 3265 vorsus
516 3206 603 3264 4663
624 3197 702 3284 (874
718 3208 751 3273 -Ι-
769 3207 832 3265 916
849 3207 882 3274 -l-
895 3206 978 3264 1249
996 3207 1028 3272 -Ι-
1042 3196 1142 3282 1624)

128 3295 271 3369 quattuor
297 3292 441 3352 librorum
469 3293 644 3353 antidotarii
671 3312 823 3370 compares
851 3311 916 3353 sero
945 3293 1066 3369 quidem
1091 3291 1144 3351 sed

121 3401 184 3437 nne
209 3375 285 3456 (ent,
307 3385 337 3456 1,
358 3384 399 3441 58
424 3375 689 3464 1141557160)
713 3383 860 3442 editorum
884 3385 939 3442 aut
960 3380 1143 3459 Yerapigrae

98 3479 120 3514 a
160 3481 237 3522 sene
272 3487 387 3530 novem
426 3471 515 3534 libris
547 3473 707 3554 loquacius
740 3471 890 3533 contectae
920 3489 1023 3531 versus
1056 3471 1142 3530 5929

79 3534 175 3610 (ILI.
200 3551 242 3608 de
263 3555 300 3614 Ia
327 3561 379 3620 11.
400 3563 489 3643 XXI,
511 3561 611 3650 353),
643 3566 778 3628 viations
799 3563 856 3623 ille
876 3561 934 3620 aut
952 3559 1028 3618 satis
1044 3561 1153 3632 imper-
