2466 3848
303 588 381 669 EX
407 588 710 670 BREVIARII
738 588 912 670 LIBRO
937 588 977 668 V

347 739 468 822 OAP.
496 739 573 821 DE
603 738 933 820 EMITRITEIS

423 895 493 964 (cod.
508 894 600 963 Arnpl.
616 912 661 962 qu.
678 899 728 948 207
748 895 768 948 f.
784 897 854 963 177).

204 1055 408 1109 Emittiteus
427 1054 444 1107 i.
462 1054 557 1109 medic
574 1054 709 1121 tertiana,
729 1055 863 1123 quoniam
882 1053 972 1108 omnis
991 1055 1147 1108 emitriteus

132 1125 164 1178 fit
182 1142 217 1178 ex
236 1125 328 1179 colera
346 1125 506 1194 putrefacta
524 1126 600 1179 intus
619 1125 663 1180 vel
682 1128 761 1179 extra
783 1129 812 1179 et
834 1126 867 1179 fit
890 1143 924 1180 ex
947 1125 1002 1179 alio
1022 1126 1147 1193 humore,

131 1199 164 1250 ut
183 1214 216 1250 ex
234 1196 365 1268 flegmate
385 1199 413 1250 et
431 1197 605 1250 melancolia.
634 1199 699 1250 sunt
719 1197 853 1251 emitritei
866 1197 913 1264 111,
933 1196 1024 1251 minor
1037 1197 1147 1251 medius

132 1272 161 1321 et
183 1268 279 1322 maior.
313 1269 422 1322 minor
444 1268 600 1323 emitriteus
623 1268 655 1321 fit
679 1285 713 1323 ex
736 1268 828 1322 colera
845 1269 1006 1337 putrefacta
1023 1268 1100 1322 intus
1119 1272 1148 1323 et

132 1356 167 1392 ex
185 1340 315 1409 flegmate
335 1342 422 1406 extra,
441 1340 571 1394 medius
589 1355 654 1393 vero
674 1340 705 1393 fit
724 1356 757 1393 ex
776 1340 907 1410 flegmate
920 1340 997 1393 intus
1012 1341 1041 1393 et
1055 1339 1148 1394 colera

133 1412 222 1478 extra,
249 1412 356 1465 maior
380 1411 415 1464 de
438 1410 530 1464 colera
552 1411 629 1464 intus
653 1412 682 1463 et
705 1409 871 1464 melancolia
894 1413 980 1465 extra.
1018 1411 1048 1464 in
1072 1411 1148 1465 omni

132 1499 253 1550 namque
271 1483 411 1536 emitriteo
431 1481 479 1536 ille
497 1483 598 1535 humor
614 1482 730 1550 putrefit
753 1483 832 1535 extra
849 1500 928 1548 vasa,
952 1482 1002 1550 qui
1025 1484 1067 1537 est
1089 1500 1148 1535 ma-

132 1554 204 1606 teria
217 1553 294 1607 illius
308 1552 477 1622 interpolate
491 1553 538 1607 cui
552 1553 740 1623 coniungitur.
767 1553 833 1606 inde
849 1556 891 1607 est
906 1552 981 1620 quod
997 1553 1027 1606 in
1045 1553 1148 1607 minori

132 1624 272 1678 emitriteo
292 1625 341 1692 qui
360 1624 501 1678 cotidiano
520 1624 692 1678 assimilatur
710 1624 812 1694 flegma
829 1625 945 1692 putrefit
961 1626 1053 1692 extra,
1072 1626 1147 1678 unde

132 1695 235 1749 cotidie
253 1695 286 1748 fit
303 1695 478 1763 paroxismus
500 1696 549 1764 (sic
567 1695 624 1749 cod.
639 1696 762 1750 Damnst.
778 1699 844 1762 329,
866 1697 898 1749 ia
912 1696 1004 1764 Ampl.
1018 1697 1149 1751 scribitur

131 1757 295 1834 partyoim9)
322 1768 350 1819 et
376 1782 439 1819 cum
462 1768 539 1834 typo.
576 1766 607 1818 in
633 1766 725 1820 medio
754 1767 803 1834 qui
826 1765 999 1820 assimilatur
1025 1767 1147 1821 tertiare

131 1837 247 1906 putrefit
261 1837 353 1891 colera
367 1839 454 1903 extra,
467 1837 498 1890 in
512 1837 612 1890 maiori
627 1837 676 1905 qui
690 1839 825 1906 quartano
840 1839 1021 1907 coniungitur
1032 1838 1148 1907 putrefit

132 1907 298 1962 melancolia
317 1910 402 1962 extra.
436 1907 683 1963 Constantinus
706 1909 741 1962 in
759 1910 925 1978 pantegni
949 1909 1036 1962 dicit
1055 1911 1145 1978 (beor.

131 1980 307 2046 8,6f.37b1
326 1981 366 2034 ed.
381 1980 472 2050 Isupd.
484 1981 582 2034 Issaei
597 1983 676 2048 1515)
691 1980 855 2034 Emittiteus
874 1980 894 2034 i.
907 1981 1000 2034 media
1016 1981 1146 2034 tertiana.

132 2052 184 2105 hec
207 2051 281 2104 enim
305 2050 391 2104 febris
415 2051 592 2119 componitur
614 2051 649 2105 de
672 2050 750 2105 febre
776 2052 935 2120 flegmatica
960 2053 1094 2105 continua
1119 2053 1148 2106 et

131 2123 253 2176 tertiana
266 2122 455 2195 periodi<cc>
469 2124 494 2176 si
508 2121 545 2176 sit
558 2139 631 2177 vera.
655 2124 688 2175 et
704 2125 783 2191 post
798 2140 906 2190 pauca
920 2122 1017 2177 Febris
1032 2123 1147 2191 inquit

132 2194 288 2262 composita
313 2211 347 2248 ex
370 2193 500 2262 flegmate
523 2196 552 2247 et
575 2192 666 2247 colera
688 2194 706 2248 i.
727 2211 781 2262 que
804 2196 920 2248 vocatur
943 2195 1100 2247 emitriteus
1123 2194 1147 2247 si

131 2282 197 2320 vera
222 2265 259 2318 sit
284 2265 503 2334 significationes
528 2263 614 2317 habet
637 2264 690 2318 IllI
771 2267 804 2318 et
829 2266 864 2318 in
885 2264 975 2319 libro
999 2264 1147 2319 febrium

131 2337 221 2390 idem
240 2337 312 2391 fere
330 2353 381 2405 per
399 2337 497 2390 eadem
515 2335 600 2390 verba
619 2338 732 2403 cantat,
757 2338 785 2390 et
807 2336 908 2389 deinde
927 2337 970 2406 (de
988 2336 1056 2402 febr.
1071 2340 1098 2403 5,
1113 2342 1147 2391 11

130 2409 254 2477 fl224a)
275 2408 449 2475 questionem
467 2407 601 2476 proponit
620 2408 648 2460 et
667 2408 749 2462 solvit
768 2407 863 2472 dicqns
883 2407 913 2461 Si
933 2407 1056 2462 dixerint
1079 2425 1147 2476 quo-

131 2480 213 2533 modo
232 2496 379 2547 possumus
398 2495 512 2532 noscere
530 2479 650 2532 tertione
666 2479 814 2533 materiam
828 2481 922 2532 utrum
937 2479 974 2532 sit
988 2481 1068 2533 extro
1081 2495 1148 2533 vasa

132 2553 161 2604 et
179 2550 346 2604 amfimerini
364 2551 510 2604 materiam
529 2550 701 2617 intravisse,
726 2550 845 2604 dicimus
869 2551 936 2617 quia
1009 2553 1042 2604 et
1061 2549 1148 2604 alibi

131 2622 166 2674 in
190 2622 304 2675 eodem
326 2620 416 2676 libro
436 2621 477 2675 Ea
500 2622 615 2689 inquit
635 2624 670 2689 (5,
685 2626 702 2676 7
719 2622 741 2688 f.
755 2624 865 2689 carba)
885 2621 1004 2675 materia
1027 2637 1081 2689 que
1104 2624 1148 2676 est

131 2693 207 2746 intra
224 2709 292 2747 vasa
314 2709 370 2746 non
393 2692 462 2746 facit
480 2693 601 2762 rigorem
621 2708 653 2747 eo
673 2693 747 2760 quod
768 2695 811 2746 est
833 2692 929 2746 clausa
951 2693 981 2746 in
999 2693 1081 2748 vasis.
1119 2695 1148 2747 et

131 2764 166 2816 in
191 2763 409 2832 passionario
435 2765 476 2817 sic
501 2763 634 2818 scribitur
659 2764 800 2832 (Garipob'
825 2767 851 2830 6,
871 2768 889 2818 4
917 2765 1146 2832 ed.Bas.153ol

132 2834 274 2888 Emitritei
298 2837 363 2888 sunt
385 2837 455 2902 tres,
479 2835 588 2889 medius
611 2835 703 2889 maior
726 2838 755 2889 et
776 2835 876 2890 minor.
907 2836 1017 2889 medius
1036 2835 1148 2904 estqui

131 2907 252 2960 tertione
276 2907 468 2976 coniungitur,
491 2906 581 2960 maior
597 2923 663 2960 vero
685 2909 821 2975 quartane
840 2909 869 2960 et
886 2907 978 2960 minor
995 2907 1146 2960 cotidiene.

132 2980 165 3031 et
187 2978 312 3031 iterum
336 2977 366 3031 Si
388 2978 480 3031 minor
503 2979 546 3032 est
569 2978 737 3045 emItriteus‚
761 2980 888 3032 movetur
910 2978 987 3032 horis
1010 2977 1100 3032 XVIII
1119 2980 1148 3032 et

132 3049 252 3118 quiescit
274 3049 350 3103 horis
373 3048 425 3116 VI,
450 3049 559 3103 medius
584 3051 711 3104 movetur
735 3049 811 3103 horis
836 3047 952 3102 XXXVI
975 3052 1004 3103 et
1027 3049 1148 3117 quiescit

131 3119 195 3187 ΧΙΙ,
216 3119 306 3174 maior
324 3119 481 3175 emitriteus
500 3121 628 3174 movetur
646 3120 722 3174 horis
740 3119 788 3173 LX
807 3122 835 3173 et
854 3121 974 3188 quiescit
992 3121 1069 3175 horis
1087 3119 1146 3174 XII.

132 3207 183 3245 nec
201 3194 296 3245 tamen
315 3207 410 3246 omnes
430 3209 493 3245 cum
513 3191 662 3258 quiescunt
680 3191 740 3245 sine
759 3192 837 3245 febre
857 3193 929 3245 sunt.
936 3191 954 3261 ¹)

192 3324 222 3388 1)
239 3325 312 3377 haee
333 3326 430 3380 omnia
453 3328 482 3395 (a
504 3326 593 3381 verbis
607 3322 652 3378 ‘In
670 3325 746 3379 omni
765 3342 887 3393 namque
905 3323 1070 3395 emitriteo')
1089 3342 1147 3380 cer·

101 3383 226 3471 boream
244 3398 403 3454 bannalis
419 3397 568 3455 osroenos
585 3398 618 3454 ba
636 3397 655 3454 ι.
671 3397 688 3452 1
707 3396 741 3466 (f.
756 3401 787 3453 ιι
809 3397 849 3452 ec.
864 3397 953 3466 Luqc.
969 3400 1050 3464 1510)
1070 3396 1147 3453 com·

74 3455 191 3576 ,ζῖζὲ
210 3463 360 3582 ἷπξόιώιε
377 3472 422 3528 ab
435 3472 598 3558 praefatur
610 3471 690 3559 '‘Hic·
706 3470 797 3557 otilo!
812 3467 1155 3555 litonibllssllffsslmss

188 3545 208 3580 a
242 3538 329 3592 mtra
351 3545 386 3599 st
404 3562 479 3615 quis
498 3548 588 3603 extra
607 3565 645 3602 ιιι
661 3546 712 3601 lus
732 3544 805 3617 locat.
817 3543 911 3598 ubas
928 3543 1056 3594 curtata
1073 3551 1171 3602 W·
