2466 3848
127 201 168 263 12
574 197 688 252 EGIDII

124 347 306 422 coniectans,
329 349 417 408 urina
439 348 526 407 rubet
549 348 730 426 pinguedine
753 348 862 425 spissa,

123 456 200 495 vena
220 438 331 512 tumet,
353 437 452 496 mollis
475 438 579 515 pulsus
602 437 743 497 velociter
763 438 866 497 instat.

122 544 191 585 raro
214 526 372 586 succedens
396 526 451 586 sub
474 527 558 586 verni
580 527 723 602 temporis
746 527 821 586 hora

123 614 254 674 crebrius
276 615 401 674 infestat
424 619 454 675 et
476 615 507 674 in
529 616 610 674 horis
633 616 789 692 sanguinis
811 616 914 675 instat.

65 721 103 760 aas
124 702 157 760 si
179 704 293 762 colerae
316 704 401 762 furor
423 705 455 762 in
479 722 569 763 causa
592 707 649 778 est,
672 706 789 763 rixatur
811 708 842 764 et
863 705 926 763 irae

123 791 285 868 asperitate
308 793 397 868 furit,
419 793 490 852 ferit
512 796 542 852 et
564 794 695 851 latrante
718 812 839 853 susurro

121 885 248 958 usurpat
271 883 353 942 canis
377 882 507 940 officium
532 883 612 959 quod
635 883 782 942 morsibus
804 883 918 958 implet.

121 969 255 1047 gestibus
277 971 327 1030 hic
349 971 465 1049 gallum
487 970 601 1030 similat
623 971 760 1047 falsoque
783 972 887 1031 volatu

122 1077 152 1117 se
175 1061 321 1118 mentitur
343 1078 442 1135 avem,
465 1060 536 1119 dum
559 1064 725 1120 commovet
747 1079 817 1119 aera
839 1060 949 1138 palmis

64 1165 102 1202 uo
121 1147 243 1208 brachia
266 1149 437 1208 concutiens
460 1152 491 1208 et
513 1149 630 1209 solvens
655 1168 768 1228 organa
790 1150 872 1210 vocis

120 1237 151 1294 in
175 1240 289 1298 cantus.
326 1239 436 1297 effrene
458 1239 540 1314 rapit
561 1257 668 1298 manus
691 1258 783 1298 arma.
820 1238 927 1298 coloris

120 1327 222 1386 vultus
245 1327 358 1402 citrini,
381 1329 490 1388 macies
514 1329 692 1387 exterminat
715 1332 806 1387 artus.

120 1416 264 1491 praeterit
285 1417 451 1493 insompnis
474 1435 532 1475 nox
556 1420 647 1492 atque
671 1417 733 1477 dies
757 1418 911 1494 sepelitur,

119 1505 171 1563 lux
192 1505 275 1563 intus
297 1507 437 1565 conclusa
459 1507 541 1564 latet.
579 1507 720 1566 velociter
741 1507 836 1566 instat

62 1608 100 1646 nas
120 1595 248 1653 arteriae
270 1598 383 1670 motus,
407 1597 459 1670 qui
483 1594 558 1652 duro
581 1594 701 1654 verbere
725 1596 830 1655 cedens

119 1683 251 1742 inmutat
272 1682 407 1761 digitum.
444 1683 551 1742 rutilat
573 1684 681 1742 citrino
704 1685 801 1743 colore

119 1773 224 1830 urinae
247 1773 346 1831 tenuis
369 1772 547 1831 substantia.
584 1771 717 1832 fervidus
741 1775 840 1831 aestus

119 1861 243 1920 aestatis
265 1863 389 1938 generat
410 1861 500 1920 huius
524 1860 697 1920 discrimina
718 1860 828 1934 morbi,

118 1953 148 2008 et
170 1951 258 2028 vigor
280 1952 311 2008 et
332 1950 428 2009 virtus
451 1950 547 2008 maior
569 1950 678 2009 diffusa
701 1969 754 2026 per
777 1953 859 2008 artus

61 2053 99 2090 aso
118 2038 231 2098 viribus
253 2039 393 2099 humanis
415 2039 543 2099 maiores
566 2040 659 2099 efficit
681 2041 773 2098 actus.

117 2129 166 2187 hic
193 2129 268 2187 vitio
291 2130 399 2188 mentis
423 2128 544 2189 delusus
567 2148 652 2188 sacra
675 2129 798 2187 deorum

117 2219 246 2276 testatur
267 2217 406 2293 iuratque
429 2217 487 2278 sibi
510 2219 634 2296 dampni
657 2218 795 2293 capitalis

117 2305 272 2365 advenisse
294 2307 422 2381 malum,
446 2308 551 2383 palpat
574 2307 751 2383 quaeritque
773 2304 898 2382 vegenti

117 2395 252 2471 occipitis
276 2413 415 2470 suprema
437 2413 530 2454 manu
553 2415 628 2471 quae
653 2394 747 2453 credit
770 2394 879 2453 abesse.

59 2494 97 2533 2⁵⁵
116 2485 194 2542 hunc
217 2486 244 2543 si
266 2484 428 2559 corripiens
451 2486 574 2543 monitis
598 2485 763 2562 astringere
786 2485 927 2559 temptes,

115 2573 249 2633 invenies
273 2572 372 2632 animo
396 2573 484 2633 factis
507 2592 641 2633 sermone
663 2572 812 2632 rebellem.

115 2665 147 2720 in
170 2681 306 2721 venerem
332 2664 415 2741 viget
438 2663 574 2737 affectm,
597 2663 705 2722 levitas
729 2662 803 2720 facit
822 2665 905 2721 artus

188 2819 238 2867 231
263 2815 423 2869 coniectans
449 2816 477 2868 b:
503 2815 662 2869 fomentans
684 2833 712 2869 m
735 2814 746 2886 t
770 2820 822 2868 232
845 2814 938 2869 mollis
961 2815 1071 2883 pulsus:
1095 2817 1130 2880 of.

116 2886 214 2940 Barth.
233 2887 265 2938 e're
284 2886 312 2942 0.
328 2886 482 2953 S.11‚126
501 2890 536 2954 (o.
551 2891 571 2941 2
588 2888 622 2940 ab
641 2888 693 2954 inf.
712 2904 748 2940 m.
761 2913 789 2931 =
803 2887 857 2953 IV,
870 2889 936 2953 376)
954 2884 965 2957 tl
983 2890 1034 2938 233
1053 2888 1131 2940 verni

115 2958 143 3010 b:
163 2957 241 3010 nervi
259 2973 286 3010 m
308 2956 318 3026 Η
341 2961 393 3010 235
411 2959 485 3012 rubr.
506 2957 593 3027 Signa
617 2958 641 3011 si
664 2958 721 3011 siut
744 2974 778 3012 ex
801 2955 894 3010 colera
912 2957 1009 3010 mania
1027 2957 1056 3011 et
1074 2975 1131 3012 me

115 3027 238 3082 lancelia
252 3029 276 3095 b,
296 3027 326 3081 Si
342 3027 435 3082 colera
453 3029 490 3083 sit
508 3036 581 3083 mu‘x.
601 3030 683 3099 signa
696 3027 761 3082 XVI
776 3047 803 3084 m
818 3031 823 3097 Ι
839 3029 869 3082 in
888 3033 922 3082 ct
940 3033 955 3081 e
973 3045 1012 3083 m:
1031 3041 1049 3111 3
1066 3036 1078 3081 i
1097 3035 1131 3083 ca

116 3102 131 3152 b
148 3102 151 3168 Ι
168 3100 209 3154 ire
228 3100 256 3153 b:
276 3098 324 3153 ille
343 3100 455 3168 patiens
471 3102 520 3169 (cic
537 3101 612 3166 add„
631 3101 712 3170 quasi
728 3117 762 3154 ex
779 3103 877 3170 marg.)
892 3117 919 3154 m
943 3099 947 3170 1
965 3100 1131 3169 2371mplet

116 3190 141 3225 m
158 3170 240 3241 (iplet
257 3170 283 3237 b)
301 3169 312 3242 t
330 3175 382 3224 238
398 3171 444 3225 hic
463 3190 502 3226 m:
521 3171 577 3226 hiis
596 3173 620 3226 b.
653 3172 688 3238 cf.
703 3173 744 3226 Io.
760 3169 879 3236 Quidam
899 3186 914 3224 e
962 3170 1053 3225 ndunt
1071 3171 1130 3225 ales

115 3245 148 3295 ut
166 3242 281 3296 cantent
293 3241 421 3296 videntes
440 3242 547 3311 gallum
567 3245 682 3297 cantare
697 3245 763 3313 (uon
776 3242 861 3310 Plot.)
874 3241 885 3314 ΙΙ
898 3247 951 3296 240
965 3242 1129 3297 concuciens

116 3332 154 3368 m:
173 3312 343 3367 concludens
357 3315 373 3368 b
390 3313 401 3386 tt
419 3319 471 3368 243
486 3313 633 3382 sepelitur:
652 3315 687 3381 cf.
706 3332 730 3368 o.
741 3317 795 3370 793
811 3312 822 3385 Η
840 3318 893 3368 244
906 3312 978 3368 latet
991 3314 1019 3367 b:
1038 3312 1129 3368 latens

110 3402 139 3435 m
150 3384 169 3452 ))
185 3389 238 3437 ate
253 3385 338 3453 ‹iritq3
356 3403 396 3439 m:
414 3390 498 3453 qouq3
517 3387 533 3439 b
550 3385 561 3457 t
579 3390 630 3439 255
646 3385 779 3453 corripies
796 3385 812 3439 b
828 3388 832 3453 Ι
849 3385 1003 3454 astringere
1021 3403 1060 3440 oe:
1080 3384 1129 3439 alr

67 3483 237 3608 yffi?
245 3490 273 3610 ἴ
288 3489 307 3560 t!
323 3497 377 3546 266
396 3492 506 3549 rebelle
523 3495 540 3549 b
558 3492 569 3568 t!
587 3497 637 3549 sot
658 3493 690 3547 in
706 3492 782 3546 scire
799 3493 827 3559 t,
840 3479 975 3545 inret'em
987 3509 1015 3545 m
1030 3494 1037 3562 t
1052 3494 1128 3545 artus
