2466 3848
538 189 708 244 VIATICUS

120 342 227 415 inficit,
250 344 296 401 est
318 341 422 400 viridis
446 341 567 418 agriaco
589 340 780 418 migaleodis,

63 450 102 489 ars
121 450 155 488 ex
178 450 210 489 re
232 449 340 489 nomen
362 429 475 489 habens
499 430 645 490 deformes
669 429 808 507 denigrat
831 433 914 488 artus

120 519 279 595 Ethiopem
302 518 446 578 simulans
470 538 539 578 cum
561 519 639 596 pelle
661 519 859 578 melanchiros
884 523 958 579 atra.

120 628 155 666 ex
179 609 277 667 colera
299 627 402 668 crocea
425 608 536 684 species
559 607 718 684 procedere
741 607 838 685 prima

120 697 255 772 edidicit,
277 699 393 757 furiosa
415 696 489 756 facit
511 697 649 773 prassina
671 697 846 772 secundam,

119 789 300 862 postremam
323 789 448 864 generat
469 786 555 864 niger
575 787 691 847 humor.
729 788 827 863 prima
849 788 973 846 notetur

63 895 102 935 ero
119 877 222 935 urinae
246 893 352 953 spuma
375 894 478 935 crocea
500 875 650 951 uiridique
674 876 804 934 secunda

120 968 151 1023 et
172 967 324 1040 postrema
347 965 442 1043 nigra.
479 965 584 1024 Virtus
609 966 788 1041 quandoque
811 983 967 1042 resurgens

119 1056 246 1113 naturae
269 1054 342 1113 facit
363 1055 533 1128 ictericum,
556 1073 624 1113 cum
646 1053 756 1112 liberat
779 1072 901 1133 aegrum

120 1142 309 1220 absolvitque
333 1143 394 1202 dies
419 1143 581 1216 (creticus,
606 1143 679 1217 qui>
704 1162 811 1202 cauma
834 1142 938 1201 fabrile

119 1233 262 1291 terminat
284 1235 314 1290 et
336 1232 464 1308 spondet
487 1234 608 1308 optatae
632 1231 712 1291 dona
735 1233 849 1291 salutis.

63 1337 101 1378 ers
120 1321 230 1380 accidit
251 1321 300 1380 hic
323 1339 410 1380 casus
433 1319 571 1396 pervim
595 1320 785 1380 sinthomatis
810 1341 931 1398 aegrum

120 1411 340 1486 condempnans
363 1410 508 1469 minitans
532 1428 670 1486 suprema
693 1411 827 1486 pericula
850 1408 941 1467 febris

120 1500 293 1573 continuae,
316 1499 342 1557 si
365 1497 498 1558 membra
521 1499 584 1557 dies
608 1500 651 1558 sio
672 1500 769 1557 inficit
793 1500 875 1576 aegri

121 1590 254 1664 quartus.
292 1587 403 1663 absque
426 1587 507 1648 febre
530 1588 607 1647 cutis
630 1588 703 1647 haec
726 1588 849 1647 infectio
873 1605 964 1646 causa

119 1676 281 1753 multiplici
304 1676 418 1754 prodit,
440 1676 568 1737 ferventi
591 1677 751 1754 sanguine,
774 1695 847 1754 poro
928 1749 931 1753 Ι

63 1783 101 1822 sao
120 1766 256 1825 obstruso
280 1766 359 1826 fellis
382 1767 431 1826 vel
454 1766 579 1842 splenis,
602 1766 747 1826 uberioris

119 1855 150 1913 vi
174 1856 287 1915 colerae
311 1856 395 1915 cuius
417 1855 538 1916 ubertas
562 1857 663 1932 ampla
686 1877 740 1932 per
762 1859 845 1915 artus
897 1873 899 1876 ⁴

119 1944 245 2003 infectos
268 1945 404 2021 dispersa
425 1945 502 2019 ruit,
524 1946 637 2004 virtute
661 1946 768 2004 veneni

119 2033 229 2092 hausti.
276 2033 309 2092 si
332 2034 454 2111 sanguis
478 2035 596 2094 fervens
620 2034 735 2093 occasio
758 2035 824 2106 fiat,

119 2121 274 2197 praedicat
295 2123 352 2183 hoc
375 2123 477 2181 vultus
500 2124 582 2180 color
605 2125 636 2181 et
658 2123 739 2182 calor
761 2120 966 2180 inmoderatus

63 2226 101 2265 ses
119 2212 433 2303 qqrporis—et—pulsus
456 2212 542 2270 velox
566 2213 747 2286 chymosque
770 2211 871 2269 diaeta

192 2351 261 2398 1314
287 2344 574 2416 ugriatapegaleontis
603 2346 632 2411 b,
660 2352 691 2398 ot
715 2346 790 2399 Plot.
817 2344 931 2414 agriaco
956 2342 1138 2413 pegalilontis

126 2418 199 2471 Vrot.
215 2417 244 2472 G.
260 2417 288 2472 S.
303 2418 346 2483 Il,
360 2420 414 2471 293
429 2416 628 2486 (agriacapega
644 2416 749 2470 filontis
768 2417 818 2482 ed„
838 2413 1138 2485 agriaeapegasilontis

119 2488 176 2542 cod.
196 2489 271 2542 Berl.
294 2491 341 2543 lot.
363 2506 407 2556 qu.
428 2493 468 2543 24
494 2495 519 2542 et
542 2490 664 2542 loannes
686 2489 746 2557 A),
773 2491 834 2542 Esc.
857 2487 940 2556 (uode
965 2486 1032 2540 Gar.
1057 2488 1137 2554 corr.)

120 2560 249 2627 agriacae
266 2560 425 2629 per(p)crisi
444 2561 537 2613 iontae
556 2560 624 2628 (cod.
639 2560 722 2629 Aup„
744 2560 793 2613 cti
817 2558 896 2628 agria
913 2556 1026 2627 gallerie
1044 2556 1137 2609 iniun-

119 2633 164 2682 tas
180 2631 251 2698 Ouo.)
271 2648 333 2685 com
352 2632 422 2699 expl.
437 2631 467 2683 id
485 2633 529 2686 est
547 2629 667 2699 agrestis
685 2630 804 2684 mustele
823 2632 852 2684 et
871 2630 983 2682 auratos
1002 2627 1137 2681 habentes

120 2701 214 2755 oculos
239 2703 500 2770 (cfiAetil10,17)
523 2701 533 2774 Η
557 2707 626 2761 1316
649 2701 841 2755 melanchiton
865 2703 927 2756 b=
945 2699 1137 2753 melanchiron

122 2776 158 2827 lo.
175 2775 210 2827 A.
226 2781 250 2828 et
268 2774 342 2828 Plot.
359 2774 444 2839 Berl,
463 2774 512 2827 uti
529 2771 718 2826 melanchilon
736 2773 776 2827 ed.
792 2779 818 2827 ct
832 2773 907 2827 Vrot.
919 2773 948 2827 0.
959 2771 987 2827 S.
1020 2771 1054 2837 of.
1071 2772 1136 2825 Eoo.

120 2846 192 2914 Aup.
212 2844 402 2899 melancorum
424 2848 536 2913 l-'coron
556 2845 628 2912 Oce.)
653 2843 752 2898 dicunt
775 2845 832 2898 scil.
853 2841 1053 2913 μελάγχλωρον.
1090 2843 1138 2897 sed

117 2916 311 2985 melanchiron
334 2934 353 2970 a
376 2916 468 2969 chiros
492 2934 517 2983 q.
538 2932 560 2968 e.
580 2931 681 2968 manus
704 2915 748 2969 vel
767 2915 874 2968 ehimos
894 2933 920 2982 q.
935 2931 958 2967 e.
973 2914 1073 2967 humor
1092 2930 1137 2967 cc-

116 2987 204 3052 plieot
228 2988 365 3057 Epidio
388 3003 480 3042 eornm.
502 3005 544 3041 ur.
572 2985 582 3067 Η
610 2991 679 3039 1318
702 2985 820 3039 furiosa:
846 2986 878 3040 id
900 2993 938 3040 eet
957 2992 1070 3054 propter
1092 2986 1136 3050 su-

120 3058 275 3112 ricoitotemv
297 3058 386 3126 (facit
409 3058 502 3113 colera
528 3056 626 3110 vindis
657 3059 714 3124 etc.)
746 3056 756 3128 ΙΙ
789 3061 857 3110 1322
883 3063 947 3124 post
974 3073 1036 3110 cum
1065 3055 1136 3123 (dies

120 3133 154 3178 eu
263 3143 363 3182 cauma
385 3129 495 3198 febrile)
516 3130 611 3183 altum
632 3129 664 3182 io
687 3128 744 3182 cod.
764 3128 794 3194 b,
815 3127 924 3182 uidetur
947 3129 1016 3181 male
1040 3128 1137 3195 tepenti

121 3199 250 3252 excidisse
274 3200 393 3254 creticus
417 3203 445 3269 (i.
466 3217 487 3255 e.
507 3199 631 3267 criticus)
655 3199 704 3267 qui
728 3200 773 3267 (cf.
792 3198 866 3253 Plot.
891 3199 919 3251 vi
942 3202 1042 3251 nature
1065 3196 1137 3250 solet

120 3268 180 3322 fieri
203 3271 268 3338 poet
289 3268 342 3322 VII
365 3271 424 3325 dies
449 3271 530 3325 etin
553 3270 648 3338 aliquo
672 3269 718 3322 die
737 3269 840 3323 cretico
861 3287 924 3323 cum
945 3269 1136 3322 deminutione

120 3339 216 3410 febris)
239 3340 249 3413 ll
273 3345 342 3394 1326
361 3342 485 3396 munitas
505 3344 520 3397 b
542 3341 552 3413 ΙΙ
576 3345 644 3394 1319
663 3357 746 3409 porro
766 3343 824 3409 (sic)
845 3342 860 3395 b
880 3340 890 3410 ll
912 3344 981 3394 1330
1000 3338 1100 3393 obtuso
1120 3341 1135 3390 3

121 3412 165 3479 (cs.
179 3415 308 3481 o.1360).·
334 3412 369 3478 cf.
385 3415 458 3468 Plot.
473 3429 507 3466 ex
521 3411 677 3481 opilatione
691 3412 843 3480 superioris
857 3410 901 3465 vel
917 3410 1057 3464 inferioris
1073 3410 1136 3480 pori

120 3482 197 3536 cistis
221 3482 304 3538 fellis.
342 3484 376 3538 de
397 3485 489 3552 splene
510 3485 545 3552 cs.
564 3485 676 3539 v.1360
696 3481 736 3552 li
759 3482 869 3552 splenis
887 3481 907 3533 l
925 3481 1072 3533 ulterioris
1087 3483 1111 3530 n
1127 3481 1157 3541 &t

116 3559 189 3607 1332
205 3555 309 3610 infect⁹
322 3557 406 3627 (tus)
427 3555 443 3611 b
461 3555 471 3631 tl
491 3560 562 3612 1336
583 3555 770 3626 ontnrqueo
