2466 3848
212 206 434 262 BREVIARIUS
452 205 628 262 IOHANNIS
647 207 696 260 DE
716 205 856 262 SANGTO
875 206 995 260 PAULO
1061 205 1125 272 105

83 348 125 403 ΒΘ
144 348 238 404 dolore
257 350 357 418 epatis.
618 349 660 403 De
678 348 745 417 pilis
764 350 794 402 et
811 348 973 403 furfuribus.

83 419 125 474 De
144 422 317 488 apostemate
336 421 436 490 epatis.
618 420 660 474 De
679 421 781 488 lapide.

83 491 126 545 De
144 491 295 560 ydropicis.
618 491 660 546 De
679 491 825 560 sanguinis
843 491 960 544 minctu.

83 562 125 617 ΒΘ
143 563 285 631 yctericia.
618 562 660 617 De
678 563 798 617 diabete.

83 633 125 687 ΒΘ
144 633 314 702 spleneticis.
619 634 660 688 ΒΘ
680 633 858 703 smanguiria.

83 704 125 759 ΒΘ
139 707 314 774 apostemate
328 707 357 759 et
365 704 480 759 vulnere
493 721 597 758 renum-
619 705 660 759 De
680 705 820 774 diampne.

120 778 148 830 et
165 776 266 831 vesica.

369 928 398 996 (f.
410 926 485 981 158b
505 925 667 996 Capitula
685 926 768 980 libri
787 925 845 995 IV.)
876 954 880 960 ·

83 1031 125 1086 De
134 1032 247 1086 vulnere
256 1033 335 1104 virge
349 1036 378 1088 et
388 1035 498 1087 tumore
510 1034 590 1088 testi·
617 1033 659 1087 ΒΘ
683 1034 855 1101 apostemate
879 1034 907 1086 et
929 1031 1043 1086 vulnere
1068 1049 1126 1084 ma·

120 1103 253 1158 culorum.
653 1105 740 1159 tricis.

84 1174 125 1228 ΒΘ
145 1175 228 1229 coitu.
617 1174 660 1230 ΒΘ
679 1175 836 1229 sterilitate.

83 1246 125 1299 ΒΘ
144 1245 283 1315 satyriasi.
619 1246 660 1300 De
678 1246 890 1316 pregnantibus.

83 1316 126 1371 ΒΘ
144 1333 289 1388 gonorrea.
618 1317 661 1371 ΒΘ
684 1317 786 1371 aborsu
810 1320 838 1371 et
862 1315 972 1370 difficili
992 1317 1077 1385 partu
1098 1316 1127 1370 et

83 1387 125 1442 ΒΘ
144 1389 345 1456 aproximeron.
655 1388 814 1442 secundina.

83 1458 125 1513 ΒΘ
142 1459 300 1513 retentione
319 1460 532 1513 menstruomm.
619 1459 661 1513 De
679 1459 821 1513 mamillis.

83 1529 125 1585 De
144 1529 220 1583 fluxu
238 1533 451 1584 menstruorum.
619 1529 661 1584 ΒΘ
681 1531 739 1585 scia
758 1532 786 1584 et
805 1531 930 1584 artetica.
1029 1545 1034 1554 ·

83 1601 125 1654 De
144 1617 257 1671 egressu
278 1600 413 1655 matricis.

155 1691 223 1758 (fia.)
245 1689 360 1758 Iamque
378 1691 487 1758 partem
506 1689 594 1744 nostri
613 1689 751 1758 propositi
769 1690 801 1743 in
818 1690 881 1744 hiis.
901 1688 960 1743 IIIl.
979 1688 1127 1758 particulis

84 1759 263 1829 explevimus.
301 1761 334 1814 ln
355 1761 454 1829 quinta
473 1761 563 1831 igitur
584 1761 726 1830 particula
748 1761 783 1815 de
806 1761 932 1816 febribus
956 1760 1126 1845 exequimur.

84 1832 237 1886 secundum
256 1833 438 1887 auctoritates
462 1832 648 1901 antiquorum.
677 1832 829 1887 adiuvante
851 1833 905 1886 duo
929 1839 981 1886 nr‘o
1002 1832 1052 1886 inu
1072 1838 1127 1900 xp)

84 1902 163 1957 cuius
186 1905 257 1956 nutu
279 1904 333 1958 boc
356 1921 426 1972 opus
448 1903 605 1972 incepimus
629 1904 746 1972 eiusque
769 1903 875 1958 auxilio
898 1906 927 1957 et
944 1903 1128 1972 permissione

84 1974 120 2027 ad
137 1974 221 2028 finem
240 1991 329 2041 usque
348 1972 557 2042 complebimus.

383 2122 412 2192 (f.
424 2128 475 2177 icc
494 2123 658 2192 capitula
676 2093 759 2177 uari
779 2122 822 2192 v.)

83 2229 125 2284 ΒΘ
149 2228 319 2284 diffinitione
342 2232 371 2285 et
394 2230 429 2283 de
455 2229 592 2284 divisione
619 2228 661 2282 De
679 2229 802 2283 tertiana
821 2230 961 2284 continua.

119 2300 214 2355 febris.
619 2300 661 2354 De
680 2300 823 2354 cotidiana
842 2302 984 2355 continua.

83 2372 125 2427 ΒΘ
145 2373 275 2426 effimera.
620 2371 661 2425 De
681 2373 818 2440 quartana
837 2373 977 2427 continua.

83 2444 126 2497 De
145 2444 245 2497 ethica.
619 2443 661 2496 De
679 2442 866 2511 interpolatis.

83 2514 126 2568 ΒΘ
144 2514 222 2567 febre
240 2515 363 2583 putrida.
408 2544 418 2566 a
619 2515 661 2568 ΒΘ
680 2514 830 2568 cotidiana.

84 2586 126 2639 De
145 2585 293 2639 continuis.
620 2587 661 2640 ΒΘ
680 2586 811 2639 tertiana.

83 2657 127 2710 De
141 2656 334 2726 cognoscendo
348 2657 438 2726 gradu
451 2655 591 2710 discrasie.
619 2657 661 2710 De
680 2658 824 2724 quartana.

84 2727 126 2782 De
144 2727 221 2783 dieta
240 2729 268 2781 et
285 2728 513 2797 purgacionibua.
619 2728 661 2781 De
681 2728 843 2795 compositis
862 2726 996 2781 febribus.

83 2799 125 2854 De
144 2800 228 2853 variis
247 2798 439 2853 accidentibus
462 2798 591 2852 febrium.
620 2800 662 2852 De
681 2798 821 2852 emitriteo
840 2799 951 2853 minori.

84 2871 126 2925 De
145 2871 260 2925 sinocba
278 2869 413 2924 inflativa.
620 2870 662 2923 De
681 2870 822 2924 emitriteo
841 2870 942 2923 medio.

84 2941 126 2994 De
145 2942 260 2996 sinocba
281 2942 396 3009 putrida
419 2942 447 2994 et
469 2940 592 3008 primum
620 2941 662 2995 ΒΘ
681 2941 821 2995 emitriteo
840 2941 947 2995 maiori.

120 3012 155 3065 de
174 3014 332 3067 omothono.
620 3012 662 3065 De
680 3012 787 3080 duplici
806 3012 935 3066 tertiana.

84 3081 127 3136 De
146 3083 260 3137 sinocho
280 3083 462 3154 augmastico.
621 3084 662 3137 De
682 3083 808 3136 erraticis
827 3083 961 3136 febribus.

84 3153 127 3207 De
146 3170 258 3208 causon.
621 3154 662 3208 De
680 3154 774 3222 epiala
793 3156 822 3207 et
840 3154 949 3222 liparia.

157 3244 214 3311 (fia.
234 3242 253 3295 f.
265 3244 326 3311 179)
350 3242 422 3296 Ecce
443 3242 499 3295 iam
523 3242 645 3296 breviter
667 3243 711 3296 uti
733 3242 884 3310 postulatis
906 3243 937 3295 in
963 3241 1127 3308 compendio

85 3313 174 3382 signa.
208 3330 306 3367 causas
325 3315 354 3366 et
372 3331 459 3367 curas.
493 3313 618 3367 omnium
642 3313 834 3382 egritudinum
858 3313 1061 3382 assignavimus
1086 3329 1128 3367 se-

86 3384 208 3438 cundum
223 3383 387 3451 disciplinas
401 3386 559 3438 nostrorum
574 3386 719 3438 auctorum
734 3386 762 3437 et
780 3384 914 3452 precipue
932 3383 1045 3453 galieni.
1070 3382 1128 3437 Vos

86 3456 239 3510 secundum
255 3455 360 3524 scripta
373 3455 429 3508 ista
443 3455 600 3524 operamini
612 3457 705 3509 vestra
719 3470 804 3523 opera
818 3455 957 3524 dirigente
973 3454 1024 3507 deo
1039 3455 1128 3508 omni-

84 3529 209 3598 potente.
