2466 3848
437 205 465 275 s)
485 205 767 260 srsnoomrms

117 351 217 404 nantes
232 349 350 404 dicimus
366 348 451 402 alioes
467 348 588 402 inmuta·

117 422 208 475 tiones
220 421 303 474 unius
316 420 493 474 habitudinis
502 436 588 474 mem-

117 493 231 546 brorum
246 492 277 546 in
293 490 388 560 aliam,
404 493 439 546 de
456 507 512 560 qua
525 492 589 560 ipsa

118 563 244 618 membru
258 563 447 618 extenduntur
461 605 467 618 .
479 604 503 617 ..
518 563 589 616 fiunt

118 634 588 690 autemhuiusmodiinmutationes

117 709 152 761 de
171 723 294 777 congrua
312 706 475 761 fumositate
491 723 589 760 nervos

117 779 285 833 infundente
357 778 456 831 eudem
474 778 589 832 fumosi-

117 852 178 904 tate
189 866 287 904 nervos
299 849 329 903 in
338 849 452 904 lacertis
461 849 590 903 maxilla-

117 939 180 975 rum
190 923 363 992 aggravante
377 921 409 974 fit
423 921 589 976 oscitatio

119 994 375 1049 ...Constantinam
383 999 501 1048 sectatus
508 994 590 1048 etiam

118 1066 315 1120 cantarana
333 1065 519 1119 celebnrimns
538 1063 589 1118 Ge-

117 1138 219 1192 rardns
242 1136 430 1191 Cremonensis
451 1138 589 1205 (†1187),

119 1210 167 1276 pai
184 1209 265 1263 labet
282 1208 366 1262 alices
378 1213 405 1262 et
417 1208 590 1261 oscitationes

89 1279 200 1334 *etiarn
227 1279 304 1347 appol
328 1279 499 1333 Aoicennarn
525 1278 589 1348 (Oa-

118 1352 199 1405 nonis
213 1352 230 1404 l.
240 1348 261 1402 1
271 1350 319 1417 fen
333 1350 386 1403 ΙΙΙ
398 1351 510 1404 (100102
526 1367 547 1404 c.
555 1354 589 1404 13

119 1423 158 1475 ed.
176 1422 326 1476 Ven.1505
343 1418 588 1488 fi51b:‘Alices

118 1494 184 1545 sunt
224 1493 340 1560 propter
382 1491 589 1560 superfluitates

119 1581 173 1632 que
191 1563 221 1617 in
234 1562 368 1617 musculis
383 1566 590 1634 congregantur

119 1638 147 1689 et
169 1637 284 1704 propter
304 1635 358 1688 hoc
378 1635 498 1689 multum
517 1635 589 1689 acci-

119 1707 190 1760 dunt
207 1708 273 1775 post
291 1723 417 1760 somnum
489 1707 589 1760 ascita

118 1779 159 1832 tio
178 1795 242 1832 vero
265 1780 375 1832 motus
400 1780 442 1832 est
463 1778 589 1832 alicum

106 1867 173 1919 ·que
199 1850 332 1904 accidunt
356 1849 387 1902 in
411 1850 589 1904 mandibula-

117 1939 180 1975 rum
198 1921 333 1975 musoulis
353 1923 381 1974 et
398 1921 536 1975 thoracis'
553 1923 587 1989 cf.

118 1994 153 2046 ib.
169 2010 190 2047 0.
206 1999 223 2047 9
247 1994 279 2047 de
302 1993 465 2046 lassitudine
483 2011 516 2047 ea
533 2010 589 2061 qna

118 2064 308 2117 ‘extensiones
336 2062 458 2116 alarum’
485 2066 536 2132 sic)
564 2070 589 2118 et

119 2135 196 2203 apnd
214 2136 312 2190 Rasin
330 2136 362 2187 in
384 2140 402 2190 t.
418 2136 454 2188 11
470 2136 588 2189 Alrnan-

118 2223 170 2261 sor.
181 2206 265 2275 (Opp.
277 2206 389 2260 Mediol.
402 2211 472 2261 1481
485 2206 587 2274 fiad)

119 2276 236 2330 ‘aticum
260 2293 371 2345 quoque
394 2279 423 2330 et
446 2277 588 2331 oscitatio-

119 2366 187 2402 num
213 2348 380 2402 multitudo'
404 2351 436 2402 in
462 2351 588 2417 dispala-

118 2423 191 2475 tione
207 2421 240 2474 de
253 2420 399 2488 repletione
412 2421 586 2489 (secundum

118 2491 269 2545 foramina’
283 2518 310 2536 =
324 2492 489 2547 ‘secundum
507 2493 588 2545 vusa’

120 2565 179 2632 la),
190 2581 245 2632 qna
254 2563 343 2617 ntitur
353 2564 385 2616 in
394 2564 536 2618 Breviorii
544 2565 589 2617 sni

118 2637 178 2759 p
192 2636 333 2759 serr
348 2634 589 2777 anses

118 2785 292 2832 coaetaneus:
318 2776 475 2830 ‘Generalis
503 2793 588 2831 causa

118 2850 208 2903 morbi
233 2851 275 2904 est
299 2848 402 2917 duplex
422 2848 541 2917 repletio
560 2851 589 2902 et

119 2921 238 2976 inanitio
338 2920 405 2973 Eius
437 2936 502 2974 vero
534 2937 588 2988 que

119 2993 271 3045 secundum
313 3009 380 3046 vasa
425 2991 588 3059 repletionis

120 3063 201 3131 signu
228 3066 293 3117 sunt
320 3064 371 3116 heo
397 3062 502 3132 Corpus
529 3063 588 3131 ple-

119 3151 185 3186 num
257 3137 286 3187 et
304 3134 379 3188 color
397 3135 507 3201 rubeus,
529 3134 589 3189 sine

120 3221 204 3258 causa
229 3205 379 3259 manifesta
405 3205 512 3259 alices
537 3222 588 3259 os-

120 3276 320 3341 citationes,
344 3278 466 3344 gravitas
485 3293 588 3331 memo-

119 3347 160 3400 rie
241 3364 373 3415 sompnus
398 3348 517 3402 multus'
541 3355 587 3403 cta.

155 3421 192 3472 In
228 3420 342 3473 arabica
373 3420 588 3488 aphorismorum

119 3507 180 3545 carr
203 3497 348 3546 commento
373 3491 588 3558 00001000(Ηο-

118 3564 196 3616 neini
235 3562 269 3629 of
300 3562 516 3618 Steinselneider
557 3564 589 3616 in

119 3634 229 3689 Archia
246 3635 373 3689 lirclow.
394 3639 411 3688 t.
423 3637 475 3689 124
495 3650 523 3702 p.
534 3637 590 3689 120

1059 207 1121 272 117

651 352 717 418 sp),
741 349 821 404 enias
846 350 991 418 amanam
1014 348 1123 416 qnidam

651 437 707 475 non
738 421 807 475 milri
837 421 958 488 suppetit
986 421 1124 488 enemplar

651 493 862 560 inspiciendam,
873 498 937 546 teste
950 492 1053 562 collepa
1065 507 1122 546 rneo

652 565 810 619 Berlinensi
823 564 964 618 Ladona
978 563 1058 618 Stern
1071 579 1123 631 pro

653 636 740 703 illan
755 643 795 691 est
807 631 913 703 ‘quluq’
926 637 970 702 (in
983 635 1122 689 aadBerl.

652 724 692 761 ar.
709 708 854 762 Wetrstcin
874 708 917 772 11,
932 711 1003 762 1188
1025 706 1124 773 11124,

652 785 684 832 nt
718 777 802 846 fusdq
836 779 868 831 in
901 778 959 832 cad.
987 778 1023 832 ib.
1053 781 1123 831 1183

652 850 773 918 fi32a):
795 851 844 903 hoc
866 849 938 903 idern
960 850 1016 916 fere
1038 850 1122 919 sipni-

652 923 718 989 picat
740 921 812 989 qnod
834 917 940 988 ἀπορία
961 919 1039 989 (μετὰ
1058 919 1123 990 χάσ-

653 992 1124 1132 ttttsssqtintttdottttl

652 1152 705 1190 nas
718 1136 838 1190 scribens
848 1133 951 1188 ‘elices'
960 1151 1051 1190 noerae
1062 1151 1124 1189 carn

652 1224 686 1261 en
704 1207 814 1261 arabico
833 1207 983 1274 exemplari
1002 1213 1122 1261 transta-

652 1279 693 1345 lit,
706 1279 789 1332 sinrd
802 1279 924 1346 inspectit
939 1284 965 1332 et
976 1277 1124 1348 praecum?

652 1349 724 1418 qnod
752 1350 855 1404 scilicet
881 1350 1039 1418 ipncrantes
1066 1350 1124 1403 iam

652 1421 824 1476 Salernitani
837 1424 913 1488 (teste
923 1421 1041 1488 Manro)
1055 1420 1123 1473 ‘ala-

652 1510 715 1545 rum
742 1492 940 1558 extensiones’‚
966 1493 999 1546 de
1026 1493 1124 1560 quibas

652 1564 1125 1634 lepcrantAoicennam‚intellipant

653 1637 743 1690 elices.
770 1637 810 1690 sic
822 1634 986 1690 iamdictos
1000 1636 1123 1689 Iannen-

651 1709 690 1762 sis
713 1709 745 1774 (s.
760 1710 798 1775 o.)
822 1705 915 1760 Alices
940 1707 1005 1759 sunt
1028 1708 1123 1760 exten-

653 1778 744 1832 siones
777 1778 900 1832 omnium
935 1777 1123 1832 membrorum

652 1866 707 1918 que
719 1849 908 1903 involuntarie
922 1852 987 1903 sunt
1002 1848 1123 1903 maxime

650 1924 716 1989 post
738 1938 878 1987 somnum,
901 1922 934 1975 ut
957 1920 1123 1989 quibusdam

651 1992 746 2060 placet
782 2008 816 2046 ex
847 1993 927 2061 gravi
959 1993 1124 2046 fumositate

651 2063 791 2134 flegmatis
815 2064 850 2116 ad
876 2064 1002 2117 membra
1024 2079 1123 2131 prove-

651 2135 753 2188 niente.
791 2141 872 2204 atpne
894 2137 936 2189 ita
957 2135 1063 2201 factum
1085 2143 1125 2190 est

651 2213 682 2261 nt
718 2207 888 2261 Franciscns
919 2207 1124 2277 Raplelenpins

652 2279 712 2346 (qni
743 2279 814 2332 inter
845 2278 935 2344 fontes
965 2280 1023 2346 ipse
1055 2280 1121 2333 reci-

652 2356 693 2404 tat
718 2351 876 2418 interpretes
901 2350 1032 2404 librarum
1057 2367 1123 2404 ara-

652 2422 772 2475 bicornrn
803 2421 876 2475 relat
905 2422 1063 2475 Aoiccnnae
1098 2428 1124 2475 et

652 2493 787 2546 Alcorani
796 2508 826 2560 p.
837 2496 880 2546 37.
893 2497 927 2546 41
942 2496 1003 2560 etc.)
1022 2494 1053 2546 in
1069 2493 1122 2546 Le-

651 2565 712 2618 nico
731 2564 842 2618 arabico
866 2563 984 2630 (Leidae
1007 2580 1040 2617 cn
1061 2564 1121 2630 offr-

651 2637 715 2689 cina
733 2637 859 2689 'anetoris
883 2639 953 2689 1613
975 2635 1121 2702 falmin.)

651 2708 691 2761 sic
703 2712 808 2760 statnat
820 2723 847 2774 p.
854 2710 907 2760 423
920 2723 942 2760 s.
953 2697 1043 2771 ‘miti
1052 2722 1122 2774 pan-

652 2776 771 2830 diculari
803 2778 952 2831 extendere
984 2778 1018 2831 de
1046 2794 1122 2832 more

652 2865 747 2903 eorum
771 2849 820 2916 qui
839 2866 856 2900 a
874 2865 970 2902 somno
990 2866 1122 2918 experge-

652 2921 722 2973 fiunt
739 2919 844 2990 [fucere
858 2919 951 2987 elices,
970 2921 1057 2974 idest
1076 2937 1122 2973 ex-

651 2992 791 3045 tensiones
824 2992 948 3044 omnium
984 2991 1121 3045 membro-

652 3081 721 3116 rum.
745 3063 890 3132 Interpr.]’
909 3069 935 3116 et
956 3079 977 3117 s.
994 3058 1121 3126 ‘tdmdtti

653 3134 738 3188 elices
756 3130 1019 3202 pandiculationes'.
1049 3135 1122 3188 hane

651 3207 810 3274 simpliciter
857 3207 953 3273 repetit
995 3206 1122 3259 Mattias

652 3278 809 3332 Martinins
824 3278 926 3329 ‘servus
940 3276 1002 3330 Iesu
1018 3274 1121 3329 Christi

651 3349 681 3401 in
701 3347 796 3402 schola
814 3346 971 3400 Bremensi'
987 3350 1024 3413 (o.
1037 3347 1120 3401 Lesi-

652 3437 702 3473 con
739 3420 934 3488 philolopicnrn
973 3420 1121 3487 praecipue

652 3491 855 3560 etymolopicnm
887 3491 1004 3544 Bremae
1037 3493 1120 3556 1623)

651 3563 699 3617 col.
718 3565 766 3628 36,
790 3567 935 3630 atramque
956 3561 1007 3615 Da
1030 3561 1121 3630 Oanpe

651 3635 699 3701 qai·
712 3633 792 3689 addit
804 3631 862 3685 ‘An
879 3632 919 3685 ab
937 3632 1031 3700 sla?'‚
1048 3631 1122 3702 prod
