2466 3848
75 624 113 663 701

76 1071 115 1109 '110

76 1515 114 1554 711

76 1960 115 1999 720

132 194 176 258 30
316 166 319 173 ⁴
583 189 696 244 solun

133 341 274 400 collectus
297 340 416 399 cohibet
438 359 531 399 venae
553 341 706 417 pulsatilis
728 343 836 417 ictum,

133 429 284 489 subtrahit
305 430 409 489 urinae
432 430 559 489 formam
582 431 767 506 nimiumque
790 433 911 506 coloris,

133 518 281 577 deformas
303 519 420 577 vultum
442 519 579 578 minuens
602 519 699 597 ignita
722 519 839 579 ruboris

133 609 232 685 signa,
255 608 353 667 locum
376 607 498 686 signans
521 609 652 683 pallente
675 610 772 667 colore
794 608 952 669 dolentem.

132 697 270 756 humores
293 715 404 772 aqueos
427 697 564 756 morbum
588 716 728 775 generare
750 698 863 757 fatetur

132 786 237 861 pulsus
260 787 417 859 mollities,
439 785 561 864 pinguis
584 787 653 846 faex
675 787 842 864 sanguinis,
866 789 926 846 oris

132 874 256 951 insipidi
278 877 398 952 gustus,
421 876 503 935 loeus
526 875 558 933 in
582 895 640 950 quo
663 876 757 935 laesio
781 877 885 936 cedens

133 963 263 1023 tactibus
287 967 378 1040 atque
402 965 488 1024 dolor
511 965 602 1023 deses.
638 964 792 1024 rarissima
815 984 905 1025 causa

133 1056 246 1111 terreus
269 1055 315 1112 est
337 1053 457 1128 humor,
480 1055 581 1112 tamen
605 1054 666 1113 acri
687 1059 787 1112 mente
809 1055 928 1129 require

134 1161 210 1216 quae
233 1143 306 1201 uota
329 1161 405 1217 quae
429 1141 528 1220 signet
550 1144 626 1201 hano
650 1143 875 1203 circumstanlia
897 1162 1027 1202 causam.

134 1230 270 1290 omnibus
293 1229 339 1290 his
364 1230 462 1291 causis
486 1232 602 1290 confert
625 1251 702 1307 quae
725 1232 803 1306 vita,
827 1232 895 1309 quis
918 1234 992 1292 insil

134 1338 234 1394 sexus,
258 1320 339 1395 quod
361 1322 492 1396 tempus,
517 1340 594 1396 quae
618 1321 659 1380 sii
681 1321 858 1398 complexio,
883 1341 959 1398 quae
982 1341 1051 1398 pars

134 1410 242 1468 aetatis
264 1409 313 1468 vel
336 1409 410 1485 quid
432 1411 529 1486 possit
551 1412 661 1468 natura
683 1411 796 1469 localis,

206 1498 310 1576 Signat
333 1499 569 1574 emoploicam
594 1500 715 1576 sanguis
739 1503 915 1558 commercia
938 1500 1060 1577 signans

134 1606 200 1645 cum
223 1589 322 1664 sputo.
359 1606 433 1665 qua,
457 1607 601 1647 venarum
624 1607 767 1665 compage
790 1589 904 1661 soluta,

132 1676 242 1752 triplex
265 1675 391 1752 emergit
413 1695 507 1735 casua.
545 1696 615 1735 nam
637 1695 711 1736 vasa
732 1677 848 1735 relaxat

132 1765 240 1823 humor
263 1766 477 1824 anaslomasim
500 1765 626 1836 faciens,
649 1784 703 1824 neo
725 1765 812 1843 signa
835 1766 945 1825 doloris

134 1856 286 1930 exponunt
309 1872 369 1929 quo
392 1873 469 1913 vena
491 1855 557 1913 loco
580 1855 682 1913 laxale
704 1855 817 1913 fluenla

134 1943 289 2020 sanguinis
313 1943 446 2017 emittat,
469 1962 605 2018 puroque
628 1944 726 2002 colore
748 1944 864 2002 relento

134 2031 256 2108 sanguis
279 2050 334 2108 pus
358 2033 461 2092 nescit.
499 2032 580 2091 calor
601 2033 721 2110 ingens,
743 2035 843 2091 molus
866 2030 1052 2091 habundans.

132 2122 211 2179 hanc
232 2122 340 2179 humor
362 2139 484 2180 causam
507 2124 637 2199 generat.
674 2123 770 2182 sociat
792 2121 851 2181 sibi
873 2120 960 2197 ptisis

133 2211 304 2285 rupturam,
328 2228 381 2285 per
404 2230 495 2285 quam
518 2210 685 2287 deperdunt
707 2211 830 2270 vascula
852 2212 943 2286 rupta

133 2298 245 2375 pabula
267 2298 475 2358 membrorum.
513 2299 685 2358 describunt
707 2299 795 2377 signa
818 2299 917 2358 soluto

76 2404 115 2445 aas
134 2387 275 2447 continuo
300 2406 358 2464 quo
381 2406 457 2446 vena
480 2389 545 2446 loco
569 2389 610 2447 sil
631 2390 735 2463 rupta,
759 2388 870 2447 doloris

132 2477 245 2535 iudicio
268 2478 440 2551 praestante
464 2477 559 2537 fidem.
597 2476 766 2536 substanlia
788 2495 865 2552 pura

206 2741 257 2788 702
280 2735 401 2804 pulsatis
426 2754 453 2788 m
477 2736 487 2829 ql
515 2740 565 2788 703
590 2735 735 2802 nimiaque
759 2736 787 2788 b:
812 2735 986 2802 minimique
1011 2752 1038 2788 m
1062 2734 1072 2805 ll
1098 2739 1149 2788 708

135 2807 235 2861 cedens
255 2807 282 2859 b:
306 2806 403 2860 ledens
421 2823 449 2860 m
471 2806 480 2877 l:
505 2811 555 2858 709
575 2805 731 2858 rarissima:
756 2822 910 2874 numquam
929 2821 963 2859 ex
981 2804 1150 2859 melancolia

134 2879 217 2944 Plau,
241 2893 275 2931 ex
297 2877 466 2931 melancolia
488 2893 552 2930 vero
577 2876 635 2930 fere
658 2893 811 2944 numquam
835 2879 876 2930 Io.
899 2876 908 2947 ll
935 2881 986 2929 710
1008 2878 1042 2929 tri
1064 2877 1092 2930 b:
1118 2878 1150 2929 11

135 2951 213 3018 (tam)
232 2966 259 3003 m
278 2948 288 3020 ll
312 2955 361 3002 711
382 2964 437 3017 que
456 2955 502 3002 etc.
522 2967 561 3002 stc:
581 2949 610 3000 el
629 2948 696 3000 nola
715 2964 769 3015 que
788 2949 883 3016 signat
902 2948 953 3000 hec
973 2947 1012 3015 (1)
1032 2947 1149 3001 circum·

134 3021 244 3074 stancia
263 3037 377 3074 oausam
397 3021 412 3073 b

206 3096 257 3145 711
275 3093 351 3146 rubr.
367 3091 408 3144 De
426 3091 573 3158 emoploys
592 3089 684 3142 causis
703 3091 731 3143 el
751 3089 839 3158 signis
858 3091 887 3143 et
906 3088 1052 3156 speciebus
1071 3090 1096 3155 1,
1115 3089 1150 3142 de

135 3161 292 3217 emothoica
314 3163 446 3231 passione
464 3179 490 3214 m
507 3164 511 3229 Ι
528 3160 722 3229 emolhoycam
740 3179 776 3227 m,
795 3161 963 3228 emoptoycu
981 3161 998 3214 b
1014 3162 1018 3227 l
1034 3160 1150 3228 signans

134 3253 172 3288 m:
196 3233 286 3287 fluxus
305 3236 321 3288 1
343 3233 353 3305 ll
377 3239 427 3285 710
447 3248 515 3301 qua:
536 3247 621 3300 quam
639 3234 682 3286 mh
703 3235 732 3300 (q
750 3233 780 3298 1,
802 3236 859 3300 qua
878 3233 912 3300 m)
936 3231 946 3303 ll
969 3236 1020 3284 717
1040 3231 1108 3284 caus
1123 3249 1149 3286 m

135 3305 235 3370 (codem
266 3304 425 3373 compendio
456 3304 535 3368 iufra
566 3319 591 3357 v.
611 3306 681 3370 728).
728 3303 763 3369 cf.
787 3304 828 3357 Io.
852 3301 1022 3371 generaliter
1053 3302 1150 3356 lamen

133 3374 238 3443 triplex
263 3377 305 3430 est
331 3391 417 3429 causa
440 3374 450 3445 l«
476 3379 527 3427 718
554 3374 755 3427 anastomasim
780 3375 837 3442 (sic)
863 3375 905 3428 mb
929 3373 974 3442 (cf.
998 3373 1079 3427 Alex.
1104 3391 1149 3444 ap.

134 3481 200 3535 Sim.
214 3499 235 3536 s.
249 3486 284 3550 v.)
303 3482 313 3555 ll
332 3486 384 3535 720
403 3449 491 3534 erirtal
509 3481 553 3535 mb
573 3480 583 3551 li
607 3485 656 3533 721
678 3478 754 3533 calor
772 3480 799 3532 b:
821 3478 896 3533 color
914 3497 941 3533 m
962 3479 972 3549 ll
996 3484 1046 3532 711
1066 3480 1149 3548 plisis

132 3553 162 3603 1.·
179 3552 255 3605 rixas
274 3571 301 3607 m
318 3553 328 3624 ll
348 3557 399 3606 723
419 3551 526 3622 depduc
545 3553 573 3606 b:
594 3551 754 3619 dependent
773 3568 799 3604 m
