2466 3848
550 200 718 254 viaricus

129 369 197 408 cum
220 353 309 409 nutat
331 351 458 410 rationis
483 370 571 428 apex,
595 351 733 411 discretio
756 353 850 411 fallax

128 439 285 514 mentitur,
308 459 377 498 cum
399 441 556 500 succedens
580 459 611 500 se
634 440 743 500 subicit
766 461 855 501 error.

71 543 110 583 aro
128 528 235 587 Prodit
256 530 418 606 utrumque
441 530 568 603 malum,
592 529 655 588 3133
679 531 770 589 febris
793 535 942 606 caumate,
967 551 1058 592 causa

129 617 300 695 multiplici.
337 618 401 677 vini
423 621 512 693 potus
536 619 562 678 si
584 618 671 678 cedat
692 620 724 676 in
748 638 836 679 usum

129 725 182 765 nec
204 725 343 766 mensura
365 711 465 784 regat,
487 709 535 767 331
558 707 584 767 31
607 710 722 767 fervore
745 708 895 786 nigrescat

130 796 265 873 sanguis,
287 797 336 856 331
359 797 472 855 3313333
495 798 580 857 furor
602 799 746 856 interiora
769 798 865 856 calore

130 888 308 959 concremet,
333 888 386 944 aut
408 885 504 963 frigus
529 887 662 964 algentes
687 888 866 961 comprimat
888 892 984 962 artus,

71 989 110 1029 ars
130 974 156 1032 si
178 973 287 1033 biberit
309 974 405 1048 virus,
429 975 476 1034 331
500 975 621 1053 sanguis
644 975 766 1034 flumine
789 977 884 1034 multo

129 1066 267 1138 erumpat
290 1064 338 1123 331
360 1064 387 1122 31
409 1064 514 1124 3311133
537 1062 696 1141 deperdere
720 1064 816 1123 discat

130 1152 328 1234 egressus,si
351 1153 569 1231 mandragorae
592 1153 640 1213 vel
663 1171 752 1212 sucus
775 1154 883 1213 edatur

128 1241 305 1317 iusquiami,
328 1242 437 1301 sinon
461 1242 542 1318 capit
565 1242 764 1302 oblectamina
786 1242 903 1319 sompni

129 1330 286 1407 palpebra,
310 1331 335 1390 si
358 1331 476 1390 cerebro
500 1330 672 1390 dominatur
694 1331 768 1389 lima
791 1332 897 1391 caloris

71 1434 111 1474 333
130 1418 269 1494 ariditas,
293 1420 319 1478 si
341 1420 423 1479 laesa
447 1439 514 1479 3333
538 1421 632 1480 113333
656 1421 799 1496 nigrescit

130 1508 218 1566 dente
241 1509 323 1567 canis
345 1508 457 1584 rabidi,
480 1509 507 1568 si
529 1509 703 1586 drimifagia
726 1511 848 1585 chymos

129 1597 302 1671 incendant,
325 1597 352 1656 si
374 1601 548 1674 corruptum
570 1599 721 1675 spiracula
744 1600 864 1658 sumant

131 1705 212 1760 aera,
236 1687 262 1745 si
284 1689 414 1746 mentem
438 1687 597 1747 conturbat
619 1688 707 1747 turbo
729 1687 847 1748 timoris

130 1779 184 1833 ant
205 1776 269 1835 1333
291 1776 389 1836 rabies
413 1777 507 1835 studii
529 1778 577 1836 331
600 1796 677 1854 pena
701 1777 807 1853 quieti,

73 1880 112 1919 333
131 1865 177 1922 331
200 1867 227 1923 31
249 1865 341 1943 longa
364 1866 451 1924 nimis
476 1866 596 1924 solvant
617 1866 729 1925 ieiunia
753 1885 869 1942 corpuS,

130 1954 177 2012 vel
200 1953 271 2013 faba
293 1955 341 2014 vel
363 1955 470 2014 similis
494 1956 588 2014 sitin
611 1973 668 2014 333
691 1955 823 2032 grossior
845 1973 925 2029 esca,

131 2044 178 2101 vel
201 2043 227 2101 si
249 2043 406 2103 conturbet
427 2044 559 2103 animum
583 2063 723 2120 pressura
747 2044 864 2102 doloris.

132 2130 164 2188 Si
187 2133 309 2209 sanguis
333 2150 454 2191 causam
478 2134 530 2191 dat
552 2133 662 2206 morbi,
681 2132 815 2192 versibus
838 2152 927 2210 aeger

131 2219 239 2278 alludit
260 2222 345 2280 vario
369 2240 473 2280 vocem
494 2222 696 2282 modulamine
719 2223 865 2295 formans,

72 2324 112 2364 333
130 2309 256 2368 33131133
277 2310 309 2368 13
332 2311 426 2370 risum
447 2312 606 2370 mimorum
629 2311 740 2388 gaudia
763 2311 840 2370 falso

202 2467 254 2515 210
272 2464 347 2517 matr.
367 2463 402 2515 de
421 2479 507 2516 causa
525 2462 618 2516 manie
638 2465 666 2517 et
684 2461 851 2516 melancolie
871 2463 899 2527 b,
926 2461 1019 2514 Manio
1043 2463 1072 2514 31
1089 2477 1147 2514 me·

131 2531 251 2586 lancolie
271 2549 355 2588 cause
373 2533 462 2588 xxm
480 2553 508 2588 m
525 2536 535 2605 11
554 2539 605 2587 213
620 2535 794 2588 interiorem
812 2534 821 2605 11
841 2539 892 2586 214
908 2533 1068 2586 concremat
1081 2533 1124 2586 mb
1142 2533 1145 2602 1

131 2637 209 2706 alges
229 2647 263 2692 cfr
282 2639 404 2709 9primat
423 2643 438 2696 b
457 2617 685 2712 taramriam:
705 2640 773 2693 bib?
784 2639 913 2710 (bibitur)
928 2640 943 2692 b
962 2639 972 2710 11
991 2644 1041 2691 216
1057 2654 1148 2692 erum-

131 2745 174 2816 pit
192 2747 236 2801 rab
253 2748 256 2813 1
273 2746 378 2800 solidos
394 2765 421 2800 m
439 2746 449 2818 11
468 2752 621 2823 21733333
640 2766 678 2801 m:
699 2764 798 2800 succus
813 2749 828 2802 b
846 2747 856 2817 11
875 2750 927 2799 219
942 2744 1055 2799 cerebro
1074 2714 1147 2815 (obbo)

131 2853 159 2905 b:
180 2829 291 2907 creb⁰m
312 2853 322 2924 11
346 2857 398 2906 220
417 2851 519 2907 311333
538 2870 603 2908 3333
622 2871 660 2907 m:
680 2854 739 2907 lesa
758 2852 781 2905 31
801 2869 865 2906 3333
886 2853 902 2906 b
923 2855 927 2918 1
948 2852 1083 2922 nigrescit
1105 2854 1148 2907 mb

132 2930 173 2988 131
186 2924 347 2978 dominator
359 2956 386 2964 -
401 2925 488 2992 capit)
503 2925 576 2997 11221
593 2924 757 2994 dimittagia
770 2942 805 2990 m,
820 2923 1004 2993 dimitrigiab
1021 2926 1025 2993 1
1042 2924 1148 2977 chimos

131 2995 175 3049 mb
196 2994 207 3066 11
230 3001 281 3048 222
300 2995 455 3050 incendant
472 3014 511 3050 m:
531 2997 669 3050 accendat
687 2998 703 3050 b
723 2998 727 3064 1
748 2997 964 3063 33333113331)
984 2996 1013 3050 b:
1035 2996 1149 3048 sumunt

131 3082 158 3117 m
179 3064 190 3138 11
212 3071 264 3120 223
288 3067 312 3120 31
335 3069 428 3120 mente
452 3085 491 3120 m:
515 3070 606 3121 sumto
629 3069 645 3121 b
666 3070 670 3136 1
691 3066 842 3122 conturbat
865 3068 923 3138 (aa'c)
945 3068 989 3121 rab
1012 3069 1017 3135 1
1039 3065 1148 3119 timoris

132 3135 233 3206 (133313)
256 3139 284 3192 b:
308 3138 427 3192 tumoris
450 3157 477 3193 m
499 3138 509 3210 11
532 3145 584 3192 224
608 3139 709 3207 quieti:
736 3138 839 3206 quietis
862 3137 938 3209 331311
961 3142 1013 3190 225
1037 3136 1149 3190 solvunt

132 3208 951 3281 (313133112261333333333313227313331311133
971 3208 1000 3261 Si
1019 3205 1149 3260 fabavel

132 3278 289 3334 similis...
308 3279 318 3352 11
337 3286 387 3334 227
403 3280 554 3334 conturbat
573 3283 588 3335 b
608 3281 684 3350 (bct
701 3283 737 3348 m)
756 3279 765 3350 11
784 3285 836 3333 228
852 3282 926 3334 rcbr.
943 3279 1030 3348 Signa
1049 3278 1074 3332 31
1092 3278 1149 3331 3131

133 3365 167 3402 ex
185 3352 321 3421 sanguine
339 3352 437 3405 mania
455 3354 484 3405 et
502 3351 669 3406 melancolia
688 3353 717 3418 b,
741 3350 771 3404 Si
792 3351 830 3405 sit
853 3367 887 3405 ex
910 3349 1047 3420 sangnine
1067 3349 1149 3419 signa

133 3437 188 3475 sex„
208 3428 255 3492 ᾖ).
274 3428 309 3478 33
330 3423 367 3477 311
385 3422 430 3477 fri.
450 3425 480 3477 ct
497 3425 545 3477 hu.
564 3442 591 3478 m
611 3431 615 3494 1
636 3439 751 3477 causam
770 3422 821 3475 dat
838 3440 877 3476 m:
902 3421 952 3474 dat
971 3422 1117 3474 cauaemb
1140 3421 1156 3488 11

133 3497 185 3546 230
210 3494 358 3549 mimorum
381 3496 410 3550 b:
437 3497 591 3565 nuptorum
611 3513 648 3551 rc.
690 3495 728 3563 cf.
746 3493 858 3547 saltant
878 3494 960 3546 rtet.
979 3489 1171 3556 t--Xewm

128 3563 183 3616 cod.
209 3565 327 3621 11310.
347 3567 375 3623 S.
396 3568 524 3643 1L124)
