2466 3848
187 822 288 904 'Ande
312 845 443 922 aliquid,
465 865 532 904 mea
554 847 654 920 Musa,
677 848 761 920 novi,
784 847 935 922 proscribe
957 850 1109 925 timorem,

117 934 234 1010 parcius
259 935 362 1013 arguti
383 935 491 994 timeas
515 935 644 994 censoris
668 954 791 994 acumen

119 1027 208 1099 atque
231 1025 368 1083 theonini
389 1041 505 1084 morsus
530 1023 568 1083 ad
591 1026 717 1083 vulnera
740 1024 837 1084 dentis

119 1133 215 1190 aequa
237 1115 336 1173 mente
360 1113 448 1172 feras.
494 1113 591 1172 discas
615 1114 736 1172 sufferre
760 1113 927 1174 cachinnos.

88 1221 154 1261 sne
177 1202 304 1279 trepida.
350 1204 422 1277 quia
444 1205 546 1262 mutus
570 1202 627 1262 erit
650 1203 769 1261 feritate
791 1207 906 1262 remota

119 1311 208 1367 quem
231 1293 345 1351 saevire
368 1292 464 1350 times.
510 1310 564 1350 neo
587 1291 627 1351 sit
649 1291 706 1351 tibi
729 1291 826 1368 gloria
848 1293 928 1368 finis,

119 1380 170 1439 sed
193 1381 332 1456 prodesse
354 1379 430 1439 rudi.
476 1399 529 1439 nec
552 1399 647 1440 vanae
670 1399 794 1439 munera
816 1381 915 1440 laudis

119 1470 238 1528 venaris
261 1468 382 1528 neoris
406 1470 525 1528 ederam
546 1470 604 1528 tibi
625 1469 756 1528 lambere
779 1471 906 1529 vultum

119 1561 155 1616 ut
176 1556 286 1634 prosis,
310 1576 369 1616 non
392 1562 428 1618 ut
449 1559 583 1634 placeas,
607 1559 673 1618 loca
695 1558 816 1635 publica
838 1558 944 1635 poscis.

76 1667 100 1704 10
190 1646 333 1706 Materiae
357 1648 491 1724 gravitas
513 1647 571 1707 tibi
594 1648 672 1707 vires
696 1649 849 1726 aggravat.
895 1648 965 1707 inde

119 1755 186 1813 spes
210 1735 325 1795 defecta
347 1736 413 1795 tibi.
460 1736 511 1796 sed
535 1736 616 1811 quod
639 1755 699 1795 non
723 1736 833 1796 sufficis
858 1739 939 1812 actu,

119 1825 226 1885 affectu
250 1826 397 1900 complere
420 1826 514 1885 stude.
560 1844 632 1884 nam
653 1827 717 1886 sola
740 1826 880 1885 voluntas

120 1914 231 1974 sufficit
254 1915 293 1973 ad
314 1914 417 1973 meriti
438 1916 582 1991 pretium,
606 1934 674 1973 cum
697 1933 783 1990 posse
807 1916 944 1992 negatur.

120 2005 145 2063 si
167 2023 236 2062 vere
259 2022 314 2079 pro
337 2021 424 2078 posse
447 2022 501 2063 suo
524 2003 661 2078 procedit
682 2004 712 2060 in
737 2005 837 2061 actum

76 2112 100 2151 1⁵
118 2093 229 2151 inculti
250 2091 376 2167 torpedo
399 2091 475 2164 stili,
498 2091 681 2150 moderatius
703 2091 735 2149 in
758 2094 789 2150 te

120 2183 232 2240 saeviet
255 2178 387 2254 auditor,
407 2184 441 2239 et
463 2182 567 2256 parcet
587 2181 691 2240 rodere
714 2181 792 2240 livor

119 2288 248 2346 pensans
272 2269 404 2328 affectus.
450 2289 520 2347 ergo
544 2269 695 2329 succincta
717 2270 818 2346 relega

120 2359 290 2437 segnitiem,
313 2361 464 2434 torporem
487 2358 616 2434 discute,
639 2377 774 2435 promere
796 2377 889 2434 pensa

120 2447 193 2524 quid
214 2447 312 2506 morbi
335 2449 467 2526 signum,
491 2467 567 2524 quae
591 2449 652 2507 sint
674 2448 859 2507 sinthomata
882 2446 996 2507 cunctis

74 2557 100 2594 so
120 2536 315 2614 appropriata
337 2537 438 2610 malis,
461 2540 491 2595 et
513 2537 544 2594 in
568 2538 623 2596 hoc
647 2536 688 2596 sit
710 2539 791 2594 meta
814 2536 933 2595 laboris.

191 2733 205 2780 1
225 2727 299 2780 rubr.
319 2723 443 2793 Explicit
461 2722 534 2778 liber
552 2724 587 2777 de
604 2723 694 2777 urinis
713 2723 823 2777 edictus
842 2723 878 2776 ab
898 2723 999 2792 egidio.
1031 2723 1135 2794 incipit

119 2797 190 2851 liber
212 2798 247 2850 de
271 2795 359 2866 signis
383 2797 412 2848 et
432 2795 649 2849 sinthometibus
669 2795 861 2865 egritudinum
880 2812 907 2849 m
930 2797 939 2867 Η
962 2801 977 2848 3
997 2795 1032 2861 cf.
1051 2796 1135 2850 dente

119 2869 262 2923 Theonino
282 2867 381 2922 Horat.
402 2868 477 2934 epist.
497 2868 523 2932 1,
537 2872 580 2932 18,
594 2869 631 2921 82
652 2864 662 2938 ΗΗ
682 2871 699 2918 4
719 2866 833 2919 cahinos
851 2884 879 2921 m
903 2871 912 2936 Η
938 2871 953 2918 b
978 2867 1056 2934 quie:
1081 2883 1135 2934 que

120 2944 169 3010 (sp)
193 2958 218 2993 m
246 2938 256 3010 Η
282 2943 444 2991 'lmunerez
468 2937 587 3001 uulnera
607 2938 665 3006 (sic)
684 2955 711 2991 m
735 2936 745 3008 Η
765 2937 923 2991 brenonis:
946 2937 1054 2991 veneris
1077 2956 1104 2992 m
1130 2953 1132 2975 ¹

118 3026 198 3100 riuis
218 3034 301 3099 ed’am
319 3063 346 3099 m
365 3047 410 3113 (sc.
429 3044 573 3099 victricem
592 3044 661 3099 Hor.
682 3060 722 3112 cp.
743 3045 809 3110 1,3,
822 3046 868 3113 25)
891 3043 901 3115 Η
924 3049 939 3096 9
963 3049 999 3096 no
1022 3043 1135 3112 placeat

119 3122 179 3187 (m
191 3120 318 3243 idirdnbr.
333 3187 379 3240 hic
397 3188 480 3240 notat
501 3185 698 3240 difficultatem
717 3186 850 3255 operiam
867 3187 877 3259 Η
896 3193 929 3238 14
947 3201 1011 3239 vere
1026 3187 1071 3253 (?):
1090 3191 1135 3238 ᾖ

121 3278 146 3312 m
169 3263 210 3327 (ire
234 3259 341 3314 duobus
361 3260 467 3326 poeuis
492 3258 717 3327 cooptatiaarrde's
739 3263 795 3312 tres
819 3259 863 3312 bic
890 3260 995 3311 litterae
1021 3256 1136 3311 detritae

120 3335 193 3400 suat)
215 3331 225 3403 Η
248 3334 281 3383 16
300 3327 412 3382 incultu
430 3347 458 3384 m
479 3328 489 3401 Η
512 3333 544 3381 17
564 3327 687 3382 Pensans
706 3328 818 3382 auditor
837 3331 917 3398 (male
934 3328 1027 3394 repet.)
1051 3326 1134 3380 affec-

120 3405 165 3454 tus
202 3419 236 3456 m.
287 3400 351 3454 rudi
388 3401 417 3453 et
452 3398 560 3453 inculto
597 3398 664 3454 stilo
701 3400 841 3454 contenta
876 3403 994 3452 anemos
1027 3394 1157 3445 recubo-

118 3473 240 3541 EM2‘1‘8
257 3473 339 3526 ΛΜ
357 3472 389 3528 in
404 3473 478 3543 prol.
492 3488 569 3545 pros.
583 3473 723 3530 cornicata
742 3471 779 3526 de
798 3470 913 3537 simplis
933 3450 1193 3526 compositam&

109 3547 145 3594 20
162 3543 329 3612 apropriata
347 3563 374 3600 m

1015 3623 1056 3680 x*
