2466 3848
191 207 238 261 EX
259 207 431 263 GLOSULIS
450 207 739 262 AFFORISMORUM
758 207 785 263 S.
799 207 887 263 MAG.
903 207 1008 263 CARD.
1062 211 1125 276 109

111 351 198 404 etiam
220 351 358 405 rectificat
380 350 473 404 anime
495 351 686 418 operationes,
710 367 773 404 cum
797 350 860 419 ipsa
882 349 988 403 habeat
1010 367 1125 418 operam

110 439 162 490 per
180 438 288 490 corpus.
316 424 346 476 et
363 422 405 475 ita
424 424 467 475 θεὴ
484 423 544 475 tam
565 421 600 475 de
618 420 828 490 generabilibus
846 423 876 475 et
894 421 1125 490 corruptibilibus

111 545 194 596 quam
214 528 249 582 de
267 527 425 584 celestibus.
453 511 500 597 ἵει)
520 529 639 582 scientia
658 530 701 582 est
720 528 755 582 de
775 527 885 581 difficili
903 531 933 582 et
948 526 1029 583 bono.
1058 545 1125 598 ergo

111 615 166 668 que
187 601 230 652 est
248 599 283 652 de
301 598 469 653 difficillimo
488 602 518 652 θὴ
536 601 643 668 optimo
664 602 707 653 est
729 598 918 664 nobilissima,
941 599 1007 653 talis
1030 603 1125 654 autem

110 672 154 724 θεὴ
172 669 324 738 medicina,
344 671 419 739 quod
436 673 525 739 patet.
554 673 597 725 est
616 671 703 738 enim,
723 671 797 724 sicut
811 671 918 724 dictum
938 672 992 737 est,
1012 671 1047 725 de
1065 688 1124 725 cor·

109 757 178 810 pore
194 742 329 808 humano,
349 741 425 810 quod
443 741 548 796 dicitur
566 742 733 811 dignissima
752 744 956 807 creaturarum,
976 744 1005 796 θὴ
1023 744 1064 796 sic
1082 744 1125 798 θεὴ

110 813 146 868 de
165 812 279 880 optimo.
313 815 356 867 θεὴ
375 813 461 867 etiam
480 813 515 866 de
535 813 714 880 difficillimo,
739 814 806 881 quia
829 815 872 866 est
893 813 928 867 de
947 813 1072 881 homine,
1097 815 1125 868 et

110 884 152 937 ita
165 883 200 937 de
214 884 305 937 causis
319 884 449 938 hominis.
474 902 539 938 nam
558 885 628 939 scire
648 887 691 938 est
709 899 822 939 causam
842 885 883 938 rei
902 900 1077 953 cognoscere,
1096 888 1125 938 et

112 954 272 1023 quoniam¹)
292 954 369 1009 illius
389 958 432 1009 est
450 971 549 1021 causa,
571 959 599 1009 et
617 954 782 1023 inpossibile
802 958 844 1009 est
863 954 946 1009 aliter
964 972 993 1010 se
1012 956 1124 1022 habere,

110 1027 143 1078 ut
159 1025 221 1080 vult
238 1026 474 1095 philosophus.
503 1026 702 1080 difficillimum
726 1027 799 1081 enim
824 1029 867 1080 est
885 1043 984 1080 causas
1002 1027 1124 1082 hominis

110 1097 1124 1224 fflztttqt?arietillealzstllt‘latetstills

111 1241 140 1293 et
157 1239 206 1293 sol.
239 1239 322 1293 homo
342 1239 416 1294 enim
440 1243 557 1310 generat
579 1240 721 1295 bominem
745 1242 774 1293 et
796 1239 850 1307 sol,
874 1242 906 1293 ut
928 1240 989 1295 vult
1011 1240 1124 1310 philo-

111 1328 123 1364 s
126 1311 244 1435 agilus.
268 1327 353 1435 cauffisa
367 1311 704 1436 agtfgmfflmalistipsius
721 1311 843 1436 hotrlninis
857 1313 905 1436 test
922 1312 1025 1435 affml
1042 1313 1125 1437 θηὴιεῐ

111 1397 126 1435 θ
224 1398 349 1450 cognro
397 1399 455 1435 1c
530 1399 624 1436 aes.
667 1399 914 1451 cognroauem
963 1399 1111 1437 omrmse

109 1454 202 1506 motus
225 1453 455 1521 supercelestium
478 1470 626 1522 corporum
645 1453 815 1507 difficillima
836 1456 886 1508 θεὴ.
920 1470 1005 1507 causa
1029 1456 1123 1509 autem

109 1523 203 1577 finalis
216 1525 341 1578 omnium
354 1541 447 1578 rerum
462 1527 505 1580 est
519 1525 610 1579 homo.
639 1526 734 1579 omnia
748 1525 823 1578 enim
837 1525 914 1579 facta
928 1527 995 1578 sunt
1009 1528 1124 1594 propter

109 1595 264 1662 hominem,
284 1596 408 1664 cognitio
427 1599 522 1651 autem
542 1595 666 1651 omnium
685 1612 777 1650 rerum
797 1599 840 1650 est
858 1595 1034 1650 difficillima.

181 1665 238 1719 Vel
262 1666 367 1721 aliter
390 1669 419 1722 et
441 1667 554 1734 melius,
578 1669 610 1721 ut
628 1667 719 1721 credo.
751 1667 814 1720 finis
832 1667 954 1722 hominis
973 1670 1016 1722 est
1033 1668 1124 1721 beati·

109 1737 187 1804 tudo,
207 1737 286 1791 cuius
301 1738 424 1808 cognitio
440 1741 482 1792 θεὴ
496 1738 672 1792 difficillima.
691 1738 759 1793 licet
777 1739 850 1792 enim
869 1741 907 1792 sit
920 1739 983 1792 finis
995 1740 998 1808 l
1012 1739 1040 1808 (f.
1053 1741 1122 1806 lea)

110 1809 235 1862 omnium
258 1808 376 1862 aliarum
401 1825 506 1876 rerum,
529 1827 585 1864 non
604 1813 700 1864 tamen
719 1810 774 1864 alie
792 1827 836 1865 res
854 1813 970 1879 propter
987 1811 1040 1864 hoc
1059 1813 1125 1864 sunt

110 1879 174 1932 finis
188 1880 284 1948 ipsius.
313 1882 342 1934 et
355 1881 397 1934 ita
411 1881 551 1936 medicina
565 1884 608 1935 est
622 1882 657 1935 dc
671 1882 778 1950 optimo
793 1883 822 1936 et
840 1882 1017 1949 difficillimo,
1037 1897 1124 1950 quare

110 1952 153 2004 est
171 1951 279 2019 optima
298 1951 424 2005 scientia.
458 1954 487 2006 et
507 1955 623 2021 propter
641 1953 693 2007 hoc
712 1969 768 2006 non
788 1955 830 2006 est
848 1952 962 2019 mirum,
986 1953 1009 2006 si
1028 1955 1123 2007 tantos

110 2024 140 2076 et
157 2021 324 2076 excellentes
343 2022 444 2077 habuit
463 2026 599 2088 auctores,
618 2024 693 2077 inter
711 2040 780 2092 quos
794 2023 985 2092 Ypocrates
1004 2024 1059 2077 fuit
1078 2041 1123 2077 ex·

110 2092 334 2158 cellentissimus,
353 2094 427 2147 sicut
444 2093 654 2148 Aristoteles
673 2093 923 2148 excellentissimus
942 2095 997 2148 fuit
1015 2096 1045 2148 in
1064 2097 1123 2148 arte

110 2164 267 2218 dialectica.
295 2165 370 2219 unde
389 2166 461 2219 sicut
477 2168 523 2218 Ar.
543 2166 663 2219 tradidit
681 2166 716 2219 de
734 2165 889 2232 sillogismo
908 2166 938 2218 in
955 2183 1012 2219 una
1035 2166 1123 2219 scien-

109 2235 152 2289 tia
170 2235 200 2289 in
219 2236 368 2303 communi,
387 2239 419 2289 ut
438 2237 468 2289 in
486 2236 558 2290 libro
577 2238 710 2306 priorum,
730 2238 760 2290 in
777 2237 834 2290 alia
848 2238 939 2304 magis
954 2237 984 2290 in
998 2237 1123 2305 speciali,

109 2305 191 2360 utin
209 2307 281 2361 libro
299 2307 498 2375 posteriorum,
521 2309 563 2361 ita
582 2307 654 2376 Ypo.
668 2307 788 2362 tradidit
806 2308 974 2362 medicinam
998 2308 1028 2361 in
1049 2325 1123 2362 com-

109 2378 189 2431 muni
220 2379 251 2432 in
283 2377 355 2432 libro
389 2379 659 2445 afforismorum,
692 2379 783 2448 magis
813 2380 843 2432 in
870 2380 1001 2448 speciali,
1033 2381 1066 2432 ut
1093 2380 1124 2432 in

11 2470 13 2477 >
110 2448 183 2503 libro
201 2449 490 2518 pronosticorum,
509 2451 633 2503 maxima
651 2451 841 2504 contrahendo
862 2452 898 2504 ad
918 2451 1035 2504 minima
1043 2451 1072 2518 ⁸),
1091 2456 1123 2504 ut

110 2521 140 2575 in
158 2519 231 2574 libro
255 2520 295 2575 ds
317 2521 508 2590 regimento
533 2524 717 2576 acutorum.
755 2522 862 2576 nullam
886 2524 980 2576 autem
1003 2523 1124 2576 tradidit

110 2590 258 2646 scientiam
281 2592 497 2660 respondentem
520 2593 686 2661 sophistice,
710 2593 776 2661 quia
799 2594 829 2647 in
851 2594 905 2647 hac
926 2596 987 2648 arte
1006 2610 1062 2647 non
1081 2596 1124 2647 θεὴ

110 2663 276 2730 sophistica,
301 2664 433 2731 quoniam
452 2663 606 2732 Ypocrates
630 2665 770 2733 accipiens
794 2664 968 2732 elegantiora
991 2664 1068 2718 dicta
1087 2664 1122 2717 ab

111 2733 175 2787 aliis
197 2733 373 2802 philosophis
396 2735 430 2787 de
454 2735 595 2788 medicina
618 2735 781 2804 compilavit
804 2739 893 2789 artem
915 2735 1052 2789 medicine
1071 2735 1123 2789 sub

109 2805 276 2872 compendio
295 2805 325 2858 in
342 2804 415 2859 libro
434 2806 486 2859 hoc
506 2807 555 2874 qui
573 2807 677 2860 dicitur
695 2806 906 2861 afforismorum.

180 2878 339 2944 Antequam
366 2878 460 2930 autem
484 2878 648 2931 accedamus
672 2878 709 2931 ad
731 2878 868 2943 litteram,
896 2878 1049 2932 videndum
1072 2880 1122 2944 θεὴ,

110 2947 184 3000 sicut
202 2947 232 3000 in
250 2946 315 3001 aliis
333 2946 413 3000 libris
433 2948 478 3016 (cf.
493 2966 579 3016 supro
595 2966 622 3018 p.
639 2949 752 3015 XXV),
771 2965 825 3017 que
844 2950 882 3002 sit
902 2950 1021 3002 materia
1039 2949 1122 3002 huius

110 3018 216 3085 operis,
241 3035 294 3086 que
313 3020 436 3072 auctoris
455 3020 588 3085 intentio,
612 3038 666 3088 que
686 3036 771 3074 causa
789 3021 912 3088 suscepti
931 3021 1035 3088 operis,
1059 3021 1122 3086 quis

110 3087 224 3156 titulus,
243 3090 288 3142 cui
307 3091 382 3159 parti
400 3090 579 3159 philosophie
598 3095 780 3160 supponatur,
800 3108 854 3158 que
873 3091 911 3144 sit
929 3090 1028 3145 divisio
1047 3091 1121 3144 libri.

184 3287 209 3352 1)
228 3262 247 3354 pb
265 3286 322 3340 cod.
343 3287 380 3354 (=
393 3288 473 3353 puta)
493 3293 524 3340 ut
541 3289 659 3354 saepius.

184 3378 209 3442 2)
229 3374 461 3443 quoniam(‹1Tn):
481 3377 520 3429 sic
539 3376 596 3430 cod.

182 3482 208 3549 3)
226 3480 345 3534 minima
364 3457 425 3549 (ὂψ
448 3483 488 3535 ⁸⁶⁶
510 3482 567 3536 ⁰⁰12·
588 3483 793 3550 (inperitissimi
813 3482 956 3548 scriptoris
971 3498 1076 3532 monus
1092 3482 1128 3529 ub

95 3552 290 3692 xxm)
312 3569 397 3622 quam
419 3571 525 3626 ⁸⁶mpti'
549 3561 659 3611 secatus
684 3571 763 3621 sata,
784 3553 895 3622 ponam
917 3549 1085 3611 compater,
1104 3543 1156 3589 aab

221 3639 298 3692 Fer.
