2466 3848
574 205 742 261 VIATICUS
774 196 775 200 ¹

156 358 310 435 gingivae,
334 357 411 417 cutis
434 376 553 433 aspera,
575 357 699 432 pustula
722 357 798 415 dure
820 358 928 417 coloris

156 445 270 520 citrini,
293 464 379 506 nares
403 449 585 519 contractae,
609 449 714 524 gustus
738 465 870 520 amarus,

155 553 244 611 parce
266 535 400 595 membra
422 538 552 608 tument,
575 537 664 593 urina
686 535 783 594 colore
806 535 924 595 ruboris

85 639 138 681 1990
157 625 274 683 aemula
296 644 357 683 101
379 625 513 702 pinguis,
537 621 706 684 contractos
730 627 857 699 occupat
879 627 962 684 artus

157 732 305 789 spasmus,
328 714 436 773 fissura
458 715 611 773 iuncturas
634 717 768 788 separat,
792 717 858 772 arto

156 821 254 878 pauca
276 802 429 876 <nimis?>
453 808 578 879 sputans
601 802 693 861 tussis
716 804 837 861 thorace
860 802 1013 876 molestat,

156 891 312 951 instabiles
337 895 419 951 artus
442 895 555 952 tremor
577 891 680 964 efficit,
704 894 734 950 et
757 893 829 967 quia
851 891 955 950 tundit

158 980 284 1039 ariditas
307 981 372 1041 sitis
397 999 429 1039 os
453 981 558 1055 siccat,
581 981 696 1040 furiosa
718 981 857 1040 voluntas

86 1087 139 1127 1899
157 1072 189 1128 in
212 1089 350 1128 venerem
372 1071 476 1129 fertur.
523 1069 641 1145 Species
666 1069 701 1127 de
725 1069 862 1147 flegmate
886 1069 988 1144 prodit

157 1159 248 1218 tertia
271 1178 362 1234 quam
384 1162 487 1236 tyrus
512 1158 693 1217 denominat.
738 1158 815 1217 hanc
838 1159 1033 1217 manifestant

157 1249 256 1325 pallor
279 1250 310 1307 et
332 1248 464 1308 albentes
488 1248 633 1306 maculae.
679 1266 746 1306 cum
769 1247 908 1323 squalida
930 1247 1039 1321 scalpit

158 1337 290 1395 membra
313 1356 431 1409 manus,
455 1355 595 1413 squamas
619 1336 703 1395 albas
727 1335 765 1395 ad
787 1336 911 1395 turfuris
934 1336 1031 1394 instar

159 1426 281 1484 devellit
303 1426 424 1502 digitus.
470 1430 542 1486 sunt
563 1427 734 1502 ingrossata
756 1428 872 1484 tumore

87 1531 140 1572 1990
158 1515 304 1588 membra,
327 1534 397 1574 carc
420 1514 534 1588 mollis,
557 1515 711 1574 saniosum
733 1514 855 1589 pustula
878 1513 991 1572 fluxum

159 1605 263 1672 efficit,
287 1603 388 1673 educit
411 1605 583 1680 sputamina
605 1603 735 1679 plurima
758 1604 863 1676 tussis,

158 1695 306 1769 plurimus
329 1695 483 1753 humectat
505 1692 607 1753 oculos
629 1693 717 1766 fluor,
741 1691 811 1750 alba
833 1690 968 1751 recondit

159 1786 191 1841 in
213 1782 339 1840 fundum
363 1782 515 1859 quandam
538 1781 652 1841 saniem
676 1800 751 1858 quae
775 1781 879 1840 turbat
901 1780 1023 1838 eandem

159 1872 227 1930 faex
251 1874 356 1947 epatis.
401 1891 470 1931 cum
493 1871 661 1930 detrahitur
682 1870 740 1929 tibi
762 1871 884 1948 sanguis
908 1887 1039 1945 aquosus

87 1978 142 2017 1909
160 1965 191 2019 et
213 1960 335 2034 crudus,
358 1961 446 2038 fugat
469 1960 651 2036 ambiguum.
697 1962 795 2019 minus
819 1959 913 2018 officit
936 1963 1047 2031 aestua,

161 2051 319 2125 acceptans
343 2067 432 2125 sapor
453 2048 615 2124 insipidus,
638 2066 693 2106 sua
716 2048 817 2106 debita
838 2047 938 2105 reddit

160 2157 214 2197 nec
237 2139 339 2196 tardat
361 2137 470 2196 fluidus
493 2138 605 2197 venter.
650 2137 745 2214 Niger
767 2136 860 2194 efficit
881 2136 988 2193 humor

160 2228 261 2302 leprae
285 2226 454 2303 postremae
478 2227 619 2302 speciem,
638 2225 686 2284 cui
708 2225 836 2283 nominis
860 2243 949 2282 usum

162 2316 302 2375 attribuit
323 2316 473 2373 mediante
496 2319 583 2391 tropo
607 2317 655 2373 cui
677 2314 784 2373 robore
806 2314 907 2372 firmat

89 2420 142 2462 1900
161 2405 236 2464 ossis
260 2405 386 2464 durities
410 2404 563 2480 elephas
609 2404 682 2462 haec
706 2405 792 2481 signa
814 2402 963 2461 notabunt

236 2570 302 2618 1882
323 2583 349 2634 g.
366 2582 388 2618 c.
404 2581 429 2617 1.
444 2564 599 2632 postudara
614 2565 672 2632 (sic)
688 2564 793 2617 colores
810 2565 814 2631 Ι
831 2561 926 2617 citrini
941 2562 956 2615 b
972 2564 1012 2630 (iu
1030 2577 1115 2630 mury.
1134 2562 1175 2628 4)

162 2638 197 2703 cf.
214 2655 237 2691 c.
254 2640 332 2692 1906.
370 2637 443 2689 Plat.
467 2637 507 2689 ed.
532 2635 605 2688 cutis
631 2637 813 2703 exasperatur
842 2636 870 2687 et
897 2634 1037 2701 rumpitur
1066 2631 1076 2703 11
1106 2636 1176 2685 1888

162 2715 197 2762 cu
219 2710 310 2761 tracte
334 2709 349 2761 b
372 2707 381 2778 11
405 2711 473 2760 1885
498 2708 656 2760 contractos
680 2709 741 2775 (-t9)
761 2707 777 2760 b
800 2705 809 2777 11
834 2710 902 2758 1886
925 2706 999 2758 arto:
1024 2705 1088 2756 artu
1109 2705 1125 2757 b
1145 2705 1177 2756 iu

161 2796 247 2849 mary.
262 2787 288 2842 ÷
303 2780 326 2833 b.
354 2779 389 2845 cf.
404 2779 445 2832 10.
461 2777 560 2830 fissura
578 2793 712 2830 manuum
732 2779 760 2830 et
778 2776 881 2844 pedum
902 2776 1061 2843 (eudone.)
1078 2774 1088 2845 ll
1107 2778 1175 2827 1887

161 2866 254 2919 pauca
282 2855 364 2918 spues
391 2849 477 2925 tussis
500 2848 615 2902 thorace
637 2848 769 2902 molestat
794 2850 844 2917 (sic
866 2848 929 2915 def.)
954 2849 978 2901 b.
1019 2847 1054 2912 cf.
1078 2848 1177 2914 pectus

164 2957 267 3009 siccum
287 2957 377 3011 (least.
401 2955 410 3026 11
434 2959 503 3008 1888
521 2932 580 3008 tino
600 2955 688 3009 efficit
705 2955 721 3008 b
737 2956 741 3024 1
758 2954 787 3008 et
805 2955 851 3022 (?):
872 2970 901 3006 os
921 2954 937 3006 b
955 2952 964 3024 11
988 2957 1056 3006 1890
1076 2952 1176 3005 fertur:

162 3027 232 3080 furti
260 3029 276 3081 b
307 3028 317 3098 11
349 3031 417 3080 1891
446 3026 522 3094 tyria
550 3026 636 3095 (tinia)
665 3027 739 3080 Plat.
772 3023 887 3094 (dicitur
919 3039 936 3076 1
965 3024 1020 3077 tiro
1048 3024 1177 3090 serpente

164 3100 300 3166 Oopbcue's
318 3114 363 3165 pr.
380 3099 408 3153 0.
424 3098 451 3151 S.
466 3098 521 3163 IV,
534 3101 605 3164 502).
643 3097 678 3161 cf.
699 3098 770 3151 Vtut.
785 3101 808 3161 7,
822 3101 856 3149 17
879 3095 925 3161 (dc
948 3096 1036 3163 lepra)
1060 3101 1084 3147 et
1103 3098 1178 3159 7,10

164 3171 209 3235 (de
232 3186 323 3224 morsu
341 3171 398 3238 tyri
420 3170 573 3236 serpentis).
611 3168 646 3234 cf.
661 3170 743 3221 etium
761 3168 812 3221 Du
830 3167 922 3235 Cauca
944 3183 965 3219 s.
981 3167 1052 3219 tirus
1075 3165 1084 3236 11
1109 3169 1176 3216 1892

163 3275 267 3343 panon
287 3276 384 3344 pastor
403 3276 482 3342 (1111
500 3273 665 3342 altercans
683 3274 698 3325 0
718 3273 728 3345 1
753 3277 821 3327 1990
840 3272 941 3326 fluxae
960 3251 1148 3341 (1111111111)
1169 3268 1179 3341 t

166 3386 234 3434 1811
253 3381 332 3449 pl’im
352 3375 534 3449 (plurimumr)
553 3381 569 3434 0
593 3379 603 3451 41
627 3364 772 3446 18981111
792 3378 954 3447 (quendem)
974 3376 1142 3444 11111111.
1163 3377 1178 3428 b

166 3496 211 3564 (cf.
230 3500 350 3629 110311)
376 3496 385 3568 p
412 3499 480 3548 1900
501 3495 602 3550 ossen:
627 3480 700 3548 esse
723 3495 738 3548 1
765 3494 775 3565 l
801 3465 1114 3561 19141111111111.
1148 3493 1179 3544 00

165 3585 250 3637 marc.
