2466 3848
560 197 728 253 VIATICUS

140 352 166 411 si
190 351 230 411 sit
253 352 285 409 in
308 353 469 428 augmento
493 351 585 426 lapis,
609 353 821 428 augmentatur
844 369 943 408 arena.

71 464 121 505 aas
140 442 166 500 si
190 440 392 514 confirmetur,
415 458 475 498 non
498 440 617 512 crescit,
640 439 692 498 sed
715 440 876 498 minuetur.

213 529 340 607 Collige,
364 528 525 605 tripliciter
547 528 643 604 specie
667 527 791 589 discissa
814 528 944 588 facultas

140 618 302 697 mingendi.
339 619 461 678 solitam
484 616 645 677 dissuria
667 620 811 695 prorogat
833 618 953 692 horam,

140 709 261 767 scuria
285 708 330 765 nil
352 707 466 781 fundit,
489 707 634 784 guttatim
652 707 735 766 faece
757 705 913 766 recludens

140 796 372 875 stranguriae
395 814 535 872 pressura
557 796 644 872 pluit
680 814 759 855 nunc
782 795 916 872 simplice
939 815 1029 856 causa

71 887 285 961 commoritur,
308 904 386 944 nunc
408 887 486 944 hanc
508 886 667 944 humorum
690 886 777 962 copia
800 903 909 961 penam

139 975 255 1033 inducit
278 994 354 1051 quae
377 975 492 1035 viscoso
516 974 693 1052 glutinoque
716 976 815 1034 tenaci

139 1064 257 1141 inpedit
278 1064 382 1123 urinae
406 1083 534 1124 cursum.
571 1064 606 1123 fit
629 1063 668 1122 ad
690 1065 747 1123 hoc
769 1062 827 1122 tibi
850 1065 969 1142 signum

139 1155 268 1212 minatus
291 1155 324 1212 in
347 1152 436 1212 urina
459 1153 579 1230 pingui,
602 1152 719 1212 viscosa
742 1152 855 1228 diaeta,

139 1242 317 1318 plectorious
341 1243 466 1318 patiens.
504 1261 573 1301 oum
596 1260 718 1301 causam
741 1241 848 1301 noxius
873 1243 958 1319 algor

71 1352 122 1392 ross
140 1331 244 1406 efficit,
267 1332 341 1391 haec
364 1333 498 1408 signant,
522 1331 621 1407 pallor
643 1330 787 1407 patientis
810 1334 841 1390 et
864 1350 915 1390 aer

139 1420 298 1496 brumalis,
322 1423 431 1479 natura
453 1421 521 1478 loci.
558 1421 584 1478 si
605 1421 706 1496 passio
730 1419 816 1480 nervi

140 1510 282 1569 ariditate
306 1511 401 1584 vonit,
424 1510 547 1584 macies,
572 1509 737 1568 contractio
761 1508 899 1583 membri,

139 1600 246 1677 longus
270 1599 448 1674 praecedens
473 1598 593 1658 morbus
616 1599 673 1658 tibi
697 1599 757 1658 sint
779 1599 843 1658 vics
867 1600 955 1676 signi.

139 1688 166 1746 si
188 1689 229 1747 sit
252 1691 425 1764 apostaseos
449 1689 598 1763 collectio,
622 1707 713 1748 causa
735 1688 837 1746 dolore

71 1778 229 1852 amatque
252 1780 369 1836 tumore
392 1777 451 1836 loci
473 1779 586 1854 pateat.
624 1779 650 1837 si
674 1777 806 1837 calculus
831 1777 944 1851 obstat,

138 1866 195 1925 boo
218 1865 327 1926 amissa
349 1866 406 1926 tibi
430 1886 498 1926 cum
519 1868 601 1926 faece
624 1866 743 1927 notabit
765 1885 864 1925 arena.

210 1954 342 2033 Prodiga
365 1956 524 2015 materiam
547 1958 731 2032 praescripto
756 1956 831 2015 velle
855 1955 989 2015 refundit

138 2045 269 2104 humano
293 2044 396 2123 generi
417 2047 544 2104 naturae
567 2047 671 2121 turpia
693 2047 795 2104 texens

140 2132 271 2209 dampna
294 2153 492 2212 gonorreae
515 2133 668 2192 violentia.
705 2132 842 2210 pluribus
867 2136 966 2191 ortum

71 2240 119 2281 racc
139 2222 266 2299 suscipit
290 2243 325 2281 ex
349 2225 454 2282 causis.
492 2222 590 2282 laticis
614 2243 685 2282 nam
707 2223 805 2282 stillat
828 2223 867 2280 ad
889 2223 985 2281 instar

139 2329 257 2387 sperma
280 2311 369 2370 nimis
392 2312 529 2386 fluidum,
554 2313 602 2370 vel
624 2312 801 2371 habundans
825 2330 895 2372 vasa
918 2311 1032 2387 repleto

212 2459 280 2509 1626
299 2456 374 2509 rubr.
395 2455 436 2508 De
460 2455 561 2508 dissur.
581 2456 665 2509 suria.
685 2454 836 2524 stranguir.
856 2455 944 2523 signis
969 2453 1116 2522 speciebus
1142 2456 1157 2507 b

138 2527 174 2591 cf.
194 2527 267 2580 Plot.
287 2528 319 2579 icc
341 2543 400 2594 cop.
420 2527 453 2580 de
476 2528 569 2595 lapide
592 2543 625 2580 ex
648 2527 715 2580 Gor.
736 2527 854 2594 (Escol.)
874 2531 900 2592 3,
915 2529 1028 2580 62-64.
1067 2528 1107 2580 Io.
1127 2527 1158 2579 ia

130 2598 251 2665 proprio
278 2614 353 2666 cap:
382 2596 560 2666 Stranguiria
587 2600 629 2651 est
655 2598 794 2666 preclusio
819 2598 911 2652 vesice
937 2597 1050 2664 quando
1076 2597 1158 2649 urina

135 2667 275 2737 guttatim
298 2669 442 2737 mingitur.
481 2668 510 2722 Si
528 2685 593 2723 vero
612 2669 773 2722 nullatenus
797 2669 890 2722 emitti
908 2670 1003 2737 potest
1020 2668 1075 2721 nisi
1094 2671 1158 2736 post

137 2738 245 2792 horam.
283 2739 405 2792 dissuria
429 2739 597 2808 appellatur.
636 2741 666 2792 si
689 2741 796 2794 diutius
820 2745 915 2794 autem
934 2740 1015 2792 urine
1034 2739 1158 2792 officium

136 2809 304 2879 denegatur.
333 2813 432 2864 scuria.
476 2811 562 2865 Fiunt
589 2828 623 2864 ex
652 2812 757 2865 eisdem
786 2811 949 2865 causis...
996 2810 1158 2864 Nascuntur

136 2881 226 2935 etiam
254 2899 288 2936 ex
316 2883 415 2935 crossia
444 2884 472 2936 et
496 2882 612 2936 viscosis
640 2882 804 2936 humoribus
833 2882 1027 2951 oppilantibus
1056 2881 1157 2936 collum

136 2953 237 3007 vesice.
270 2952 457 3022 intelligimus
473 2953 527 3008 hoc
542 2954 609 3022 quia
623 2953 759 3022 processit
775 2954 852 3007 dieta
871 2954 1034 3023 generativa
1053 2971 1157 3007 crosso-

137 3040 201 3077 rum
220 3027 249 3077 et
261 3025 432 3078 viscosorum
450 3024 607 3078 humorum.
641 3026 811 3094 quandoque
830 3042 864 3079 ex
883 3026 974 3079 acutis
993 3024 1157 3077 humoribus

137 3095 279 3165 contingit
305 3097 380 3163 quod
408 3096 601 3166 cognoscimus
629 3113 680 3165 per
705 3097 785 3151 urine
811 3096 941 3150 ruborem
968 3099 996 3149 et
1020 3096 1155 3149 ardorem.

138 3211 210 3264 fiunt
229 3213 325 3264 curem
344 3227 378 3264 ex
396 3212 501 3280 frigido
520 3214 605 3279 aare!
627 3189 733 3282 aaa
752 3212 860 3279 capnos
879 3214 937 3281 (aa)
958 3218 1007 3280 spe
1026 3181 1113 3263 obera
1133 3212 1155 3264 o.

136 3282 174 3349 cf.
195 3281 236 3336 sic
257 3282 360 3351 collige
379 3289 448 3336 2322
472 3283 482 3355 ll
506 3288 574 3336 1628
594 3283 699 3337 scuria:
723 3286 742 3337 i.
762 3284 885 3337 ischaria
906 3287 910 3352 1
931 3281 1090 3336 recludens:
1115 3299 1157 3336 re-

138 3353 231 3408 cludit
249 3354 265 3407 b
283 3353 293 3426 ll
312 3358 382 3407 1529
402 3355 561 3423 stranguria
581 3355 596 3407 b
614 3354 624 3426 ΙΙ
644 3360 711 3409 1532
731 3354 760 3406 h'
779 3356 795 3408 b

212 3429 281 3478 1542
300 3426 375 3480 rubr.
400 3425 441 3479 De
466 3442 610 3494 gomorrae
634 3428 692 3496 (cic)
716 3426 809 3479 causis
832 3425 921 3494 signis
945 3423 1092 3491 speciebus
1112 3427 1128 3478 b

132 3496 296 3619 prescripto
319 3497 540 3627 ie(sc'g)vlqslled=
557 3496 872 3628 invodemrbdethd
886 3498 935 3618 lxq
945 3494 1068 3614 {gibba
1083 3492 1179 3552 W*

154 3583 368 3625 us...causrs:
402 3589 482 3627 r1us
524 3589 660 3629 ecausis
711 3590 731 3627 a
782 3614 788 3625 .
830 3613 835 3623 .
877 3611 883 3620 -
938 3604 947 3628 ›
