2466 3848
510 179 679 233 vindicus

91 331 199 407 palliat
221 337 251 389 et
273 331 354 389 velat
377 329 496 404 vitium,
518 329 696 408 redimtqne
719 333 836 390 reatum

92 422 123 479 et
145 420 264 496 culpam
288 418 360 478 dum
383 421 521 494 suscepta
542 418 693 478 mendicat
717 419 754 478 ab
778 438 845 480 esca

91 527 201 568 munus
224 508 427 568 aromaticum.
465 507 545 584 qnod
568 509 640 566 dum
662 508 776 567 ieiunia
795 514 895 570 servat

34 618 74 658 sro
92 598 214 658 amittit.
250 598 352 673 pulmo
375 597 465 656 flatus
488 596 667 674 quandoque
689 597 824 658 recondit

93 705 209 763 exosos,
232 706 322 762 quem
345 688 519 762 corruptum
542 686 710 746 substantia
732 688 830 763 putris

92 776 191 836 reddit
212 777 390 835 continuans
414 774 482 835 fedo
505 774 666 852 spiramine
690 775 788 836 fumos

92 865 213 926 naribus
237 883 353 939 exosos,
376 883 430 923 neo
453 867 573 940 sumpta
595 864 727 923 remedia
750 868 885 941 praestat

92 973 168 1015 esca.
205 957 308 1013 notam
330 953 401 1012 fidei
423 955 554 1014 thoracis
577 954 664 1013 laeva
688 954 789 1014 dolore

34 1063 73 1104 su
91 1063 162 1122 pars
186 1062 327 1120 oppressa
349 1043 442 1102 dabit.
478 1061 600 1103 causam
622 1043 726 1103 fetoris
748 1043 891 1103 habentes

92 1133 231 1212 gingivas
254 1132 367 1210 digitus
390 1132 479 1191 iudex
502 1133 654 1192 examinat
677 1133 723 1191 ori

93 1222 247 1296 inmissus,
271 1222 323 1298 qui
346 1222 371 1280 si
394 1220 499 1280 fetoris
523 1222 610 1298 signa
631 1223 767 1296 reportat

93 1311 216 1371 naribus
240 1305 415 1388 applicitus,
438 1309 501 1369 illic
524 1309 645 1370 latitare
669 1310 783 1369 fatetur

93 1401 252 1460 materiam
274 1401 400 1475 visuque
422 1400 523 1474 potest
544 1417 591 1458 res
615 1417 686 1458 vera
709 1399 815 1458 notari.

35 1507 75 1548 eso
165 1488 322 1548 Naribus
346 1506 535 1564 erumpens
558 1489 706 1566 sanguis
731 1487 911 1564 quandoque
935 1488 1042 1547 salutis

93 1579 217 1638 nuntius
240 1580 299 1652 est,
322 1595 389 1636 cum
411 1579 536 1637 naturae
559 1577 677 1637 devicta
698 1595 856 1654 resurgens

93 1667 190 1727 virtus
213 1669 245 1726 in
268 1667 371 1726 morbo
394 1685 486 1727 causa
508 1667 655 1726 subeunte
677 1666 859 1742 triumphat,

93 1757 204 1816 ultima
226 1776 294 1815 oum
316 1755 454 1815 morbum
477 1755 560 1815 crisis
584 1755 732 1816 sententia
755 1755 907 1832 dampnat.

94 1865 182 1922 saepe
205 1845 279 1904 mali
301 1847 401 1923 gestat
422 1845 545 1904 titulum
569 1846 791 1921 dampnumque
814 1845 947 1904 minatur

36 1951 76 1992 sas
95 1935 228 1994 naturae.
266 1953 336 1999 nam
360 1933 460 1993 fundit
482 1932 550 1993 eum
572 1953 651 1992 nunc
673 1952 744 1993 vase
767 1933 880 2009 repleto

95 2024 182 2100 copia
204 2024 372 2098 luxurians,
396 2042 464 2081 oum
486 2023 567 2082 victa
590 2023 764 2100 gravamine
786 2023 883 2081 multo

94 2112 162 2172 iura
183 2112 348 2172 retentivae
371 2111 493 2171 virtutis
517 2111 617 2170 debita
640 2110 770 2187 perdunt

96 2201 195 2260 officii.
232 2203 304 2260 tunc
326 2201 521 2276 plectoricnm
543 2200 599 2259 tibi
622 2200 723 2258 lucida
746 2218 853 2275 corpus

95 2292 183 2368 signa
206 2290 302 2365 dabit,
326 2309 403 2366 quae
427 2289 583 2348 confirmat
606 2289 770 2365 complexio
793 2288 858 2365 lege

168 2500 218 2549 571
238 2495 334 2564 putrix
352 2496 395 2549 mb
418 2495 428 2568 Η
450 2500 502 2549 572
522 2495 579 2549 feto
600 2513 628 2549 m
649 2495 659 2566 Η
682 2499 734 2548 576
758 2494 791 2547 de
814 2494 900 2562 cipite
922 2493 1043 2547 immisso
1066 2495 1113 2560 (cn

97 2567 187 2621 Cenat.
201 2568 267 2621 ciat.
278 2568 321 2632 11,
329 2570 379 2635 24)
393 2569 514 2621 Ioannes
526 2568 570 2632 11,
582 2572 618 2621 18
632 2570 700 2634 (nea
714 2566 816 2633 Plato:
830 2563 861 2617 Si
874 2563 959 2632 digiti
973 2562 1068 2617 fricati
1082 2563 1112 2616 in

96 2637 218 2708 gingivis
238 2638 328 2692 fetent
347 2639 382 2692 de
399 2638 469 2691 vitio
489 2639 532 2691 eat
551 2637 703 2705 (sinthoma
721 2637 764 2690 est
780 2636 915 2703 Dcrmat.)
934 2634 1112 2704 gingivarum

95 2708 141 2762 vel
159 2709 295 2764 dentum.
327 2708 417 2761 Aliter
435 2709 519 2777 putor
538 2707 592 2762 erit
610 2707 645 2761 de
663 2708 732 2760 vitio
752 2705 898 2760 stomachi.
932 2707 1049 2774 planiae
1067 2709 1113 2773 (ea

97 2780 201 2849 Omont.)
227 2781 437 2835 Bartholomaeus
463 2781 495 2833 iu
519 2781 645 2847 practica
673 2779 714 2846 (0.
736 2778 765 2833 S.
786 2779 830 2845 11,
852 2782 904 2831 174
924 2803 951 2822 =
971 2778 1026 2844 IV,
1047 2781 1112 2844 381)

98 2852 276 2921 cognoscitur
290 2868 324 2906 ex
338 2851 446 2904 fricatis
461 2866 546 2918 supra
561 2850 659 2918 digitis
679 2852 707 2904 et
727 2849 829 2904 deiude
847 2847 963 2902 naribus
982 2848 1112 2912 admotis,

97 2921 200 2990 quibus
223 2921 378 2977 fetentibus
397 2938 431 2975 ex
453 2921 576 2991 gingivis
597 2922 708 2974 constat
727 2935 787 2974 esse
807 2919 932 2973 fetorem.
969 2921 1062 2988 itaque
1080 2936 1113 2972 ec

98 3012 197 3066 Barca
217 3013 339 3081 Epidius
356 3010 366 3082 Η
384 3014 436 3063 678
456 3008 616 3078 applicatus
634 3027 662 3063 m
679 3008 690 3080 Η
707 3014 758 3062 679
777 3009 839 3062 visu
857 3010 891 3077 pt
908 3023 953 3060 res
972 3007 1023 3060 illa
1042 3008 1057 3061 b

170 3086 222 3136 580
240 3084 315 3138 mbr.
335 3082 376 3135 De
400 3081 546 3151 sanguinis
570 3081 681 3133 narium
703 3079 793 3132 fluxus
817 3079 906 3149 siguis
929 3080 958 3132 et
977 3078 1070 3132 causis
1089 3079 1112 3142 b,

97 3153 140 3208 De
157 3153 234 3207 fluxu
257 3153 403 3223 sanguinis
427 3168 442 3206 e
466 3167 581 3205 nanous
604 3169 632 3206 m
650 3153 695 3219 (ia
717 3167 769 3219 quo
792 3151 876 3204 initia
898 3166 1025 3204 versuum
1043 3165 1112 3217 seqq.

98 3227 239 3280 mceahzta
260 3226 415 3291 latescant).
456 3222 598 3276 interdum
621 3223 649 3276 vi
671 3223 772 3275 nature
845 3220 978 3274 salutaris
1001 3227 1048 3274 etc.
1072 3221 1113 3273 10.

98 3332 146 3398 11,
163 3336 198 3386 15
218 3334 222 3402 Η
243 3338 362 3399 erupens
380 3348 419 3384 m:
439 3329 577 3398 emptisb
599 3329 610 3401 Η
632 3333 683 3382 581
703 3329 806 3381 natira
825 3329 841 3382 b
860 3305 997 3398 (ri)l1682
1016 3327 1113 3380 morbo

100 3407 133 3457 c‘a
152 3402 180 3456 b:
199 3402 291 3456 morbi
311 3408 392 3455 ca‘um
410 3420 438 3456 m
460 3401 470 3474 Η
492 3404 544 3454 cat
564 3417 640 3454 eum:
660 3416 710 3454 cm.
730 3417 757 3452 m
773 3404 777 3468 Ι
793 3405 828 3452 ιῑο
849 3399 943 3466 (nunc)
962 3415 986 3452 v.
1006 3395 1114 3466 repleto

97 3492 137 3529 m:
157 3477 194 3526 no
212 3491 237 3528 v.
255 3489 382 3542 represso
402 3473 417 3526 b
434 3471 444 3544 Η
462 3476 514 3526 586
534 3477 568 3525 cu
587 3471 665 3525 uicta
683 3476 830 3540 grauamie
848 3468 937 3521 multo
956 3485 1000 3520 rue
1020 3469 1120 3528 <iidata

98 3544 269 3616 (coniuncta)
286 3543 443 3616 gravedine
462 3543 555 3600 multo
574 3544 672 3618 tsiclb
